2155 3447
186 72 214 108 2
570 54 686 108 The
722 54 1076 126 Conspz‘rczcy
1119 57 1196 125 of
1230 54 1497 108 Catz'lz'ne.
1746 65 1919 123 [SALL.

183 220 336 273 Nam
390 219 692 290 imperium
747 220 914 273 facile
968 220 1050 273 eis
1115 220 1326 272 artibus
1380 217 1669 277 retinetur,
1725 216 1928 287 quibus

182 304 338 356 initio
377 313 597 372 partum
636 312 752 364 est3
796 321 992 356 verum
1030 303 1128 355 ubi
1167 321 1267 372 pro
1308 301 1503 354 labore
1546 299 1785 359 desidia,
1826 317 1928 369 pro

183 386 529 439 continentia
558 396 611 439 et
634 387 912 457 aequitate
943 386 1135 439 lubido
1160 395 1326 455 atque
1355 383 1622 454 superbia
1643 382 1925 443 invasere,

183 471 405 522 fortuna
435 469 602 522 simul
632 487 761 522 cum
793 469 1042 522 moribus
1080 469 1425 520 immutatur.
1507 466 1591 519 Ita
1627 466 1926 536 imperium

105 563 124 608 5
184 571 408 622 semper
453 553 524 626 ad
571 562 865 622 optumum
909 570 1192 623 quemque
1248 569 1279 604 a
1325 551 1511 603 minus
1553 550 1702 603 bono
1749 558 1929 602 trans-

184 637 376 688 fertur.

260 719 427 788 Qae
482 719 741 772 homines
790 728 971 781 arant,
1023 719 1316 791 navigant,
1370 717 1692 777 aedificant,
1742 717 1929 769 virtuti

182 804 372 856 omnia
402 811 622 872 parent.
706 802 823 854 Sed
853 802 1012 854 multi
1037 803 1321 864 mortales,
1352 802 1524 854 dediti
1555 799 1732 853 ventri
1762 810 1929 870 atque

183 904 403 947 somno,
453 885 662 937 indocti
711 885 1019 954 incultique
1064 885 1237 937 vitam
1287 884 1449 937 sicuti
1497 882 1930 955 peregrinantes

107 992 157 1021 10
182 968 489 1021 transiere:
554 968 758 1038 quibus
825 968 1077 1037 profecto
1133 976 1327 1020 contra
1393 976 1655 1019 naturam
1724 984 1930 1038 corpus

181 1051 475 1121 voluptati,
525 1051 714 1102 anima
759 1051 917 1104 oneri
961 1052 1080 1103 suit.
1166 1051 1379 1103 Eorum
1424 1068 1533 1121 ego
1576 1049 1750 1101 vitam
1785 1068 1930 1101 mor-

181 1145 406 1205 temque
457 1134 620 1206 juxta
667 1143 939 1196 aestumo,
984 1135 1254 1204 quoniam
1304 1134 1373 1186 de
1428 1143 1665 1204 utraque
1714 1132 1925 1185 siletur.

179 1219 397 1272 Verum
448 1218 738 1271 enimvero
786 1218 832 1270 is
881 1219 1113 1270 demum
1169 1218 1306 1269 mihi
1354 1217 1545 1269 vivere
1600 1225 1768 1286 atque
1823 1216 1930 1268 frui

183 1303 371 1355 anima
420 1303 662 1363 videtur,
714 1303 808 1372 qui
856 1303 1044 1373 aliquo
1090 1302 1318 1373 negotio
1362 1301 1606 1353 intentus
1650 1300 1929 1370 praeclari

103 1404 149 1449 15
181 1386 447 1439 facinoris
512 1396 607 1438 aut
661 1386 795 1438 artis
848 1387 1031 1438 bonae
1097 1386 1309 1437 famam
1374 1384 1612 1455 quaerit.
1696 1383 1814 1436 Sed
1874 1384 1930 1435 in

182 1489 393 1543 magna
425 1471 588 1540 copia
620 1489 807 1522 rerum
839 1471 994 1522 aliud
1030 1470 1122 1521 alii
1154 1479 1353 1521 natura
1383 1469 1486 1521 iter
1516 1467 1776 1520 ostendit.

254 1570 299 1608 3.
340 1555 608 1608 Pulcrum
642 1565 723 1607 est
750 1556 895 1607 bene
925 1555 1113 1606 facere
1152 1554 1231 1606 rei
1270 1553 1556 1623 publicae,
1588 1552 1756 1604 etiam
1784 1553 1930 1604 bene

182 1641 369 1694 dicere
400 1640 553 1692 haud
585 1640 892 1691 absurdum
933 1648 1048 1691 est:
1092 1639 1180 1690 vel
1225 1655 1366 1707 pace
1404 1637 1494 1688 vel
1523 1636 1673 1688 bello
1713 1636 1928 1688 clarum

181 1725 302 1777 fieri
332 1724 494 1783 licet3
539 1733 593 1776 et
620 1724 714 1794 qui
746 1724 930 1775 secere
971 1732 1024 1774 et
1061 1722 1155 1792 qui
1187 1721 1335 1773 facta
1379 1721 1617 1773 aliorum
1654 1720 1930 1789 scripsere

102 1834 157 1864 20
183 1808 342 1860 multi
370 1808 693 1860 laudantur.
777 1805 868 1859 Ac
910 1805 1047 1857 mihi
1089 1805 1340 1875 quidem,
1373 1804 1594 1856 tametsi
1636 1804 1931 1874 haudqua-

181 1910 353 1963 quam
384 1910 487 1962 par
517 1891 698 1962 gloria
729 1890 980 1961 sequitur
1003 1889 1333 1958 scriptorem
1359 1898 1412 1940 et
1440 1898 1687 1940 actorem
1718 1905 1927 1949 rerum,

181 1986 372 2029 tamen
412 1976 468 2027 in
512 1975 707 2045 primis
752 1975 991 2026 arduum
1031 1973 1252 2024 videtur
1289 1990 1379 2024 res
1418 1981 1610 2043 gestas
1651 1972 1929 2024 scribere:

183 2061 426 2130 primum
477 2060 628 2130 quod
684 2059 832 2111 facta
886 2057 1048 2110 dictis
1103 2056 1480 2126 exaequanda
1525 2064 1673 2115 sunt,
1726 2056 1931 2108 dehinc

182 2146 314 2215 quia
345 2145 598 2214 plerique
636 2160 782 2213 quae
826 2142 1030 2194 delicta
1072 2139 1506 2210 reprehenderis
1550 2139 1932 2192 malivolentia

103 2247 153 2289 25
183 2240 238 2281 et
280 2228 493 2280 invidia
538 2228 686 2280 dicta
736 2235 951 2296 putant,
1003 2224 1099 2276 ubi
1145 2224 1214 2276 de
1260 2241 1475 2294 magna
1518 2224 1719 2276 virtute
1766 2233 1931 2293 atque

183 2313 366 2384 gloria
414 2313 688 2364 bonorum
738 2327 1041 2369 memores,
1093 2325 1240 2378 quae
1290 2307 1395 2359 sibi
1451 2307 1690 2377 quisque
1741 2307 1930 2359 facilia

182 2397 333 2449 factu
363 2404 519 2465 putat
558 2412 738 2464 aequo
778 2393 968 2445 animo
1013 2391 1239 2461 accipit,
1274 2408 1444 2460 supra
1484 2408 1552 2443 ea
1590 2391 1762 2443 veluti
1801 2392 1932 2443 ficta

184 2499 285 2550 pro
315 2479 470 2532 falsis
502 2478 671 2531 ducit.

260 2563 377 2616 Sed
407 2581 516 2634 ego
561 2561 1022 2614 adulescentulus
1061 2558 1216 2611 initio
1255 2558 1415 2610 sicuti
1457 2558 1711 2629 plerique
1750 2559 1933 2612 studio

103 2659 158 2700 30
186 2648 255 2699 ad
286 2665 403 2700 rem
436 2646 724 2716 publicam
755 2646 900 2696 latus
931 2662 1076 2704 sum,
1105 2642 1293 2712 ibique
1326 2642 1461 2693 mihi
1486 2644 1662 2695 multa
1692 2644 1932 2696 advorsa

185 2731 361 2783 fuere.
460 2729 614 2782 Nam
646 2747 746 2798 pro
777 2728 1013 2797 pudore,
1046 2744 1146 2796 pro
1186 2725 1547 2786 abstinentia,
1579 2744 1679 2795 pro
1708 2726 1928 2786 virtute,

186 2814 447 2875 audacia,
506 2812 752 2884 largiti0‚
807 2811 1042 2863 avaritia
1096 2809 1386 2880 vigebant.
1488 2808 1658 2879 Qae
1711 2809 1933 2863 tametsi

187 2899 408 2950 animus
440 2897 867 2966 aspernabatur,
901 2894 1150 2946 insolens
1180 2893 1459 2945 malarum
1492 2894 1715 2956 artium,
1742 2903 1929 2946 tamen

185 2981 327 3033 inter
370 2991 524 3033 tanta
573 2980 706 3032 vitia
760 2979 1045 3031 imbecilla
1103 2988 1257 3028 aetas
1312 2977 1616 3029 ambitione
1672 2986 1933 3045 corrupta

103 3069 154 3114 35
186 3065 513 3116 tenebatur:
558 3081 624 3116 ac
668 3083 778 3123 me,
811 3081 938 3115 cum
985 3063 1054 3114 ab
1090 3060 1434 3130 reliquorum
1478 3061 1642 3113 malis
1683 3060 1933 3113 moribus

189 3148 566 3208 dissentirem,
594 3148 769 3199 nihilo
801 3147 985 3198 minus
1011 3144 1239 3197 honoris
1264 3144 1469 3215 cupido
1494 3144 1692 3197 eadem
1715 3144 1934 3196 eadem-
