2155 3447
167 84 288 124 CAT·
335 77 425 135 22·]
664 74 778 126 His
822 71 1079 124 Schemes
1121 70 1241 120 and
1286 68 1480 119 Oatlm.
1838 79 1899 130 13

163 262 320 310 quam
347 244 510 290 oratio
537 257 652 287 mea
677 255 767 285 vos
802 238 1082 283 hortantur.
1157 231 1259 279 Vel
1296 231 1605 293 imperatore
1631 228 1712 274 vel
1740 226 1902 273 milite

167 339 246 367 ine
287 319 532 366 utemini:
583 331 750 378 neque
786 314 1007 367 animus,
1047 324 1213 371 neque
1250 320 1437 367 corpus
1474 321 1501 349 a
1539 302 1684 349 vobis
1723 301 1899 348 aberit.

166 397 312 442 Haec
341 396 469 456 ipsa,
499 400 552 438 ut
590 407 758 453 spem,
781 387 1050 435 vobiscum
1091 400 1189 430 una
1228 381 1405 428 consul
1442 395 1612 442 agam,
1642 377 1736 423 nisi
1777 378 1903 423 forte

167 489 246 518 me
274 471 476 516 animus
502 468 648 524 fallit,
676 473 724 512 et
752 481 837 511 vos
864 463 1051 510 servire
1080 460 1246 522 magis
1272 474 1426 521 quam
1454 457 1708 518 imperare
1736 453 1901 517 parati

164 546 333 593 estis.’'
1939 550 1961 594 5

233 678 300 714 21.
352 666 659 735 Postquam
715 678 987 729 accepere
1042 676 1109 710 ea
1163 659 1442 717 homineS,
1495 657 1698 726 quibus
1754 657 1905 708 mala

164 750 389 800 abunde
432 748 622 799 omnia
661 754 837 805 erant,
881 744 982 796 sed
1020 760 1202 812 neque
1241 759 1329 793 res
1367 758 1551 810 neque
1590 758 1719 809 spes
1756 741 1905 792 bona

163 832 299 892 ulla,
334 830 554 882 tametsi
584 829 694 881 illis
723 828 911 898 quieta
943 844 1169 878 movere
1194 842 1406 896 magna
1438 842 1653 876 merces
1677 825 1905 877 videba-

162 923 269 973 tur,
314 923 505 964 tamen
548 913 904 981 postulavere
946 910 1220 979 plerique,
1267 917 1327 960 ut
1368 918 1707 977 proponeret
1759 927 1904 978 quae

166 997 423 1048 condicio
452 996 585 1048 belli
613 996 773 1055 foret,
808 1012 952 1065 quae
982 993 1236 1062 praemia
1267 993 1436 1044 armis
1467 1002 1739 1061 peterent,
1771 993 1905 1062 quid
1937 1016 1985 1046 10

163 1082 370 1149 ubique
400 1081 522 1148 opis
554 1088 648 1130 aut
676 1079 794 1147 spei
825 1079 1114 1129 haberent.
1195 1076 1346 1127 Tum
1377 1076 1623 1128 Catilina
1654 1076 1904 1145 polliceri

163 1164 384 1214 tabulas
409 1181 604 1225 novas,
623 1161 1088 1230 proscriptionem
1108 1160 1495 1227 locupletium,
1520 1160 1903 1230 magistratUS‚

165 1246 501 1305 sacerdotia,
559 1245 811 1313 rapinas,
865 1243 974 1294 alia
1029 1243 1219 1294 omnia
1274 1260 1418 1312 quae
1472 1243 1685 1294 bellum
1740 1252 1905 1313 atque

165 1329 355 1380 lubido
409 1329 683 1380 victorum
739 1328 860 1378 fert.
960 1326 1262 1377 Praeterea
1324 1343 1447 1377 esse
1511 1325 1567 1376 in
1626 1325 1906 1395 Hispania

165 1412 419 1463 citeriore
474 1411 761 1470 Pisonem,
820 1410 876 1460 in
933 1409 1293 1460 Mauretania
1347 1426 1477 1460 cum
1532 1409 1782 1461 exercitu
1842 1409 1904 1460 P.
1936 1426 1984 1469 15

165 1494 389 1546 Sittium
459 1494 834 1553 Nucerinum,
894 1492 1091 1544 consili
1159 1491 1243 1543 sui
1312 1491 1648 1560 participes3
1717 1502 1906 1561 petere

165 1578 519 1630 consulatum
566 1576 636 1629 C.
679 1575 1014 1635 Antonium,
1067 1593 1235 1644 quem
1286 1574 1389 1626 sibi
1443 1576 1746 1645 conlegam
1788 1575 1906 1627 fore

165 1670 436 1729 speraret,
483 1660 771 1712 hominem
815 1668 867 1710 et
908 1658 1246 1709 familiarem
1291 1666 1343 1709 et
1371 1658 1632 1709 omnibus
1663 1658 1907 1730 necessi-

164 1744 449 1795 tudinibus
491 1743 970 1801 circumventum3
1017 1758 1144 1792 cum
1176 1758 1241 1792 eo
1273 1758 1330 1792 se
1362 1741 1653 1792 consulem
1688 1740 1907 1792 initium

165 1827 381 1897 agundi
432 1827 731 1878 facturum.
832 1824 928 1876 Ad
982 1825 1090 1876 hoc
1144 1825 1292 1875 male
1362 1824 1523 1876 dictis
1577 1823 1909 1892 increpabat
1933 1847 1988 1876 20

164 1910 346 1961 omnis
391 1909 590 1969 bonos,
641 1927 869 1960 suorum
924 1925 1388 1977 unumquemque
1439 1907 1740 1958 nominans
1789 1908 1910 1958 lau-

165 1993 336 2044 dare:
394 1993 735 2044 admonebat
784 1991 955 2042 alium
1012 1991 1300 2060 egestatis,
1361 1991 1534 2041 alium
1590 1990 1908 2058 cupiditatis

169 2093 326 2136 suae,
374 2075 680 2144 compluris
722 2074 957 2143 periculi
1001 2083 1095 2124 aut
1138 2073 1509 2144 ignominiae,
1557 2074 1759 2124 multos
1794 2073 1909 2124 vic—

164 2159 339 2211 toriae
371 2158 667 2219 Sullanae,
700 2158 902 2228 quibus
933 2175 999 2208 ea
1029 2157 1277 2226 praedae
1316 2157 1515 2208 suerat.
1601 2156 1908 2226 Postquam

164 2241 417 2294 omnium
447 2242 666 2293 animos
696 2241 899 2292 alacris
937 2241 1110 2301 videt,
1144 2241 1465 2292 cohortatus
1494 2249 1553 2291 ut
1583 2240 1907 2308 petitionem
1936 2259 1986 2301 25

165 2344 325 2377 suam
365 2343 534 2377 curae
570 2325 864 2385 haberent,
906 2333 1246 2375 conventum
1295 2323 1522 2374 dimisit.
1608 2336 1685 2372 22.
1724 2321 1908 2374 Fuere

164 2426 230 2460 ea
258 2417 612 2477 tempestate,
641 2408 735 2478 qui
766 2407 1017 2460 dicerent
1046 2406 1376 2466 Catilinam,
1409 2406 1661 2457 oratione
1692 2405 1906 2466 habita,

164 2509 292 2542 cum
337 2491 408 2542 ad
451 2491 851 2562 jusjurandum
892 2490 1180 2560 popularis
1226 2489 1456 2541 sceleris
1500 2489 1584 2540 sui
1628 2488 1904 2559 adigeret,

165 2574 397 2624 humani
431 2574 681 2642 corporis
711 2573 1051 2644 sanguinem
1080 2572 1212 2624 vino
1241 2572 1585 2642 permixtum
1615 2572 1670 2622 in
1702 2571 1909 2640 pateris

166 2657 610 2709 circumtulisse:
670 2657 803 2708 inde
850 2675 980 2708 cum
1029 2665 1152 2725 post
1206 2656 1654 2707 exsecrationem
1712 2673 1909 2706 omnes
1939 2674 1990 2715 30

166 2740 643 2810 degustavissent,
684 2740 844 2792 sicuti
886 2740 944 2791 in
990 2739 1358 2791 sollemnibus
1401 2738 1576 2790 sacris
1619 2738 1739 2790 fieri
1780 2756 1911 2789 con-

166 2823 364 2884 suevit,
414 2824 704 2892 aperuisse
746 2823 1043 2876 consilium
1084 2841 1269 2883 suum,
1318 2822 1513 2891 [atque
1553 2840 1619 2873 eo
1659 2821 1910 2873 dictitare

166 2905 421 2977 fecisse‚]
459 2925 570 2977 quo
601 2907 744 2959 inter
785 2926 844 2959 se
874 2907 969 2958 fidi
1007 2906 1188 2977 magis
1226 2906 1428 2966 forent,
1463 2905 1607 2956 alius
1639 2904 1732 2956 alii
1773 2904 1912 2956 tanti

165 2989 431 3042 facinoris
490 2991 719 3043 conscii.
821 2990 1098 3043 Nonnulli
1152 2990 1281 3041 ficta
1336 2998 1390 3041 et
1443 2989 1587 3041 haec
1631 2997 1685 3041 et
1730 2989 1906 3040 multa

169 3083 464 3141 praeterea
496 3075 915 3127 existumabant
946 3075 1014 3125 ab
1046 3074 1145 3132 eis,
1174 3073 1268 3143 qui
1292 3072 1587 3125 Ciceronis
1611 3072 1907 3134 invidiam,
1939 3083 1978 3131 3!

167 3176 310 3227 quae
343 3167 537 3227 postea
567 3168 687 3210 orta
717 3168 818 3219 est,
844 3158 1005 3210 leniri
1035 3158 1340 3210 credebant
1363 3157 1651 3209 atrocitate
1681 3156 1911 3210 sceleris
