2155 3447
217 105 337 145 CAT.
385 59 471 159 ἐι]
659 55 663 64 A
708 98 709 101 ’
813 86 1027 156 Specclz
1070 88 1381 156 ofCoesar.
1883 100 1952 154 29

213 250 380 310 dicio,
413 250 664 317 praemia
706 250 1103 308 decernuntur,
1138 250 1319 302 liberti
1363 258 1416 300 et
1455 248 1623 317 pauci
1664 266 1736 299 ex
1779 248 1949 299 clien-

212 334 356 385 tibus
385 331 612 382 Lentuli
643 332 880 383 divorsis
917 332 1208 384 itineribus
1237 332 1469 400 opifices
1512 340 1679 399 atque
1722 331 1946 381 servitia

211 417 267 466 in
307 414 445 465 vicis
489 414 558 465 ad
602 431 729 465 eum
772 415 1131 482 eripiundum
1174 414 1572 473 sollicitabant,
1606 413 1807 480 partim
1851 430 1948 463 ex-

175 497 505 567 -quirebant
546 497 718 548 duces
761 497 1200 558 multitudinum,
1247 497 1340 566 qui
1383 495 1560 564 pretio
1603 513 1720 546 rem
1764 496 1947 563 publi-

210 598 332 632 cam
364 596 572 630 vexare
603 579 743 630 soliti
783 589 974 639 erant;
1019 579 1311 650 Cethegus
1355 588 1540 630 autem
1583 596 1683 646 per
1722 579 1994 645 nuntios5

209 662 478 714 familiam
511 673 674 731 atque
717 662 943 714 libertos
986 681 1138 723 Suos,
1170 664 1343 715 lectos
1386 671 1438 714 et
1478 661 1812 713 exercitatos
1859 662 1945 733 [in

208 745 564 815 audaciam],
609 745 804 796 orabat
844 755 903 796 ut
945 764 1122 816 grege
1165 746 1311 797 facto
1361 763 1488 796 cum
1534 744 1656 795 telis
1703 745 1774 796 ad
1820 764 1944 799 sese

206 829 608 897 inrumperent.
708 827 923 880 Consul
977 829 1070 880 ubi
1125 847 1191 880 ea
1247 829 1434 897 parari
1490 828 1774 898 cognovit,
1834 830 1944 883 dis-

205 911 396 981 positis
438 911 732 980 praesidiis
775 921 834 962 ut
874 930 962 963 res
1006 921 1170 982 atque
1213 923 1434 981 tempus
1477 911 1763 971 monebat,
1810 931 1943 966 con-

203 1005 400 1048 vocato
443 1004 662 1055 senatU,
695 995 862 1046 refert
902 996 1036 1065 quid
1079 996 1148 1047 de
1191 996 1271 1048 eis
1312 995 1432 1047 fieri
1474 995 1717 1064 placeat,
1749 997 1842 1065 qui
1885 998 1941 1050 in
1979 1026 2026 1055 10

204 1078 515 1131 custodiam
557 1078 740 1130 traditi
784 1088 960 1129 erant.
1045 1078 1162 1131 Sed
1192 1098 1287 1131 eos
1317 1079 1486 1148 paulo
1519 1088 1645 1131 ante
1676 1079 1940 1151 frequens

202 1171 429 1215 senatus
451 1162 806 1232 judicaverat
827 1171 1020 1214 contra
1049 1180 1166 1214 rem
1191 1163 1477 1232 publicam
1509 1163 1729 1215 fecisse.
1788 1164 1939 1218 Tum

203 1246 274 1298 D.
302 1246 505 1315 Junius
529 1245 780 1305 Silanus,
809 1246 1024 1314 primus
1055 1247 1388 1298 sententiam
1419 1257 1670 1318 rogatUS,
1698 1250 1849 1318 quod
1874 1269 1940 1304 eo

199 1340 451 1397 tempore
481 1329 679 1380 consul
709 1329 1041 1400 designatus
1072 1340 1209 1391 erat,
1244 1331 1313 1382 de
1344 1330 1423 1383 eis
1455 1331 1549 1400 qui
1587 1331 1644 1382 in
1674 1334 1938 1388 custodiis

199 1413 552 1473 tenebantur,
599 1421 652 1464 et
692 1422 986 1481 praeterea
1029 1414 1098 1466 de
1141 1413 1211 1465 L.
1260 1414 1484 1475 CassiO,
1530 1414 1594 1466 P.
1642 1416 1835 1479 Furio,
1869 1419 1933 1470 P.
1979 1440 2025 1483 15

199 1497 514 1558 UmbrenO,
549 1495 637 1566 Q
671 1495 864 1549 Annio
907 1497 949 1549 si
981 1498 1321 1566 deprehensi
1364 1499 1564 1560 forent,
1598 1502 1936 1571 supplicium

199 1582 541 1634 sumundum
585 1581 944 1641 decreverat3
1001 1583 1162 1652 isque
1218 1593 1436 1652 postea,
1481 1596 1767 1654 permotus
1816 1606 1939 1640 ora-

197 1666 346 1718 tione
413 1665 482 1718 C.
553 1664 842 1726 Caesaris,
909 1666 1148 1734 pedibus
1215 1667 1272 1718 in
1340 1670 1674 1722 sententiam
1742 1671 1937 1724 Tiberi

198 1749 445 1802 Neronis
499 1749 705 1801 iturum
756 1767 814 1801 se
861 1749 1102 1811 dixerat,
1153 1752 1247 1821 qui
1297 1753 1365 1805 de
1416 1772 1482 1805 ea
1531 1772 1590 1806 re
1644 1757 1939 1825 praesidiis

198 1834 401 1886 additis
445 1833 810 1886 referundum
861 1845 1178 1886 censuerat.
1277 1835 1392 1889 Sed
1438 1837 1676 1900 Caesar,
1724 1841 1818 1892 ubi
1867 1842 1939 1893 ad
1973 1861 2027 1891 20

197 1937 325 1969 eum
350 1927 578 1970 ventum
603 1926 703 1977 est,
732 1928 964 1988 rogatus
994 1920 1330 1972 sententiam
1362 1939 1394 1974 a
1423 1924 1676 1985 consule,
1705 1924 1939 1996 hujusce

198 2002 347 2054 modi
380 2003 549 2054 verba
579 2002 798 2053 locutus
829 2011 944 2053 est:

261 2137 325 2173 51.
364 2128 394 2148 “
415 2121 603 2169 Omnis
624 2123 877 2180 homines,
896 2130 1068 2186 patres
1085 2126 1379 2189 conscripti,
1402 2129 1488 2190 qui
1512 2129 1573 2176 de
1596 2128 1746 2177 rebus
1767 2130 1936 2178 dubiis

196 2199 502 2256 consultant,
531 2198 594 2245 ab
621 2199 758 2257 odio,
787 2199 1034 2255 amicitia,
1062 2202 1136 2247 ira
1175 2210 1326 2264 atque
1364 2204 1715 2252 misericordia
1741 2223 1931 2254 vacuos

195 2291 304 2321 esse
331 2275 489 2322 decet.
565 2275 725 2322 Haud
761 2276 911 2322 facile
956 2277 1157 2323 animus
1194 2295 1373 2325 verum
1425 2282 1673 2342 providet,
1710 2282 1797 2328 ubi
1848 2283 1933 2329 illa
1969 2302 2019 2343 25

194 2349 457 2406 obiiciunt,
496 2368 662 2414 neque
699 2352 975 2414 quisquam
1014 2354 1248 2400 omnium
1288 2354 1505 2402 lubidini
1545 2358 1697 2403 simul
1735 2366 1784 2404 et
1821 2360 1932 2404 usui

194 2427 379 2488 paruit.
447 2426 552 2474 Ubi
581 2427 858 2474 intenderis
884 2428 1169 2490 ingenium,
1196 2430 1361 2476 valet:
1401 2432 1440 2477 si
1481 2431 1657 2479 lubido
1684 2435 1929 2495 possidet,

195 2518 254 2547 ea
292 2502 602 2559 dominatur,
639 2503 841 2549 animus
879 2504 1007 2549 nihil
1044 2504 1193 2550 valet.
1263 2505 1463 2568 Magna
1504 2508 1629 2553 mihi
1668 2510 1818 2570 copia
1857 2517 1932 2555 est

198 2578 535 2634 memorandi,
562 2585 734 2640 patres
761 2579 1055 2641 conscripti,
1085 2596 1216 2642 quae
1254 2596 1401 2642 reges
1438 2589 1590 2644 atque
1628 2584 1828 2646 populi,
1857 2585 1930 2630 ira

196 2658 282 2696 aut
318 2652 669 2699 misericordia
710 2654 938 2716 impulsi,
979 2655 1111 2701 male
1150 2656 1529 2712 consuluerint3
1571 2659 1658 2704 sed
1696 2675 1755 2704 ea
1795 2660 1930 2705 malo
1966 2674 2020 2715 30

196 2726 381 2784 dicere,
404 2745 535 2790 quae
565 2729 783 2791 majores
810 2731 965 2776 nostri
993 2738 1168 2776 contra
1196 2730 1480 2779 lubidinem
1504 2734 1661 2779 animi
1691 2735 1765 2780 sui
1795 2742 1929 2781 recte

196 2808 347 2863 atque
384 2804 562 2850 ordine
611 2804 791 2851 fecere.
889 2806 1035 2851 Bello
1072 2806 1435 2864 lN‘lacedonicO,
1474 2810 1611 2870 quod
1650 2826 1767 2856 cum
1812 2826 1931 2872 rege

194 2876 347 2923 Perse
373 2879 645 2939 gessimus,
674 2879 1003 2927 Rhodiorum
1032 2882 1211 2927 civitas
1239 2898 1427 2944 magna
1454 2891 1605 2945 atque
1634 2885 1928 2946 magnifica,

194 2968 324 3013 quae
352 2954 531 3015 populi
556 2954 783 3000 Romani
812 2956 998 3018 opibus
1025 2963 1268 3013 creverat,
1290 2957 1445 3003 infida
1472 2965 1520 3004 et
1546 2959 1761 3006 advorsa
1784 2959 1932 3005 nobis

192 3026 316 3083 fuit3
346 3029 433 3074 sed
460 3037 732 3091 postquam
760 3029 896 3076 bello
924 3032 1155 3077 confecto
1183 3032 1245 3078 de
1273 3031 1496 3079 Rhodiis
1523 3035 1811 3081 consultum
1839 3042 1930 3091 est,
1961 3045 2013 3088 35

194 3103 412 3164 majores
460 3106 634 3155 nostri,
680 3121 742 3150 ne
790 3107 905 3167 quis
954 3107 1251 3152 divitiarum
1301 3109 1467 3169 magis
1508 3125 1665 3170 quam
1716 3111 1930 3172 injuriae

192 3192 346 3224 causa
361 3178 555 3224 bellum
580 3181 840 3242 inceptum
865 3181 1071 3236 diceret,
1096 3182 1376 3245 impunitos
1394 3199 1480 3228 eos
1501 3185 1757 3230 dimisere.
1799 3186 1926 3231 Item
