2155 3447
264 89 384 130 CAT-
431 87 519 144 27-]
646 88 760 139 His
801 88 981 139 Plans
1024 90 1297 162 betrayed
1332 99 1387 143 to
1438 92 1655 145 Cicera.
1720 83 1727 92 ⁸
1932 109 1990 165 15

256 252 473 303 urbana
513 250 834 312 sollicitare,
882 252 1078 304 urbem
1122 252 1446 316 incendere,
1479 254 1627 308 viros
1670 274 1863 309 earum
1906 260 1994 311 vel

258 334 567 404 adjungere
597 334 701 385 sibi
730 335 819 385 vel
849 333 1182 386 interficere.

327 437 402 474 25.
443 421 559 473 Sed
607 422 662 472 in
708 422 786 473 eis
835 432 955 473 erat
998 421 1359 491 Sempronia,
1411 443 1557 495 quae
1607 429 1782 481 multa
1823 447 1992 499 saepe

253 505 427 557 virilis
482 504 754 555 audaciae
813 504 1063 556 facinora
1124 507 1500 559 commiserat.
1588 510 1751 564 Haec
1794 513 1994 564 mulier

252 605 462 659 genere
494 597 657 656 atque
700 586 899 646 forma,
933 596 1225 655 praeterea
1254 589 1372 641 viro
1416 591 1605 645 liberis
1651 595 1782 647 satis
1823 595 2040 665 form-5

252 681 383 721 nata
425 670 558 721 suit:
614 669 806 720 litteris
850 668 1085 721 Graecis
1130 680 1184 722 et
1230 670 1449 725 Latinis
1493 676 1678 737 docta,
1725 678 1985 746 psallere,

251 754 455 806 saltare
486 753 800 821 elegantius
830 771 997 822 quam
1025 771 1256 806 necesse
1291 766 1372 808 est
1393 759 1622 825 probae,
1652 762 1823 811 multa
1855 761 1984 823 alia,

249 855 394 906 quae
424 837 792 888 instrumenta
823 837 1082 888 luxuriae
1127 848 1269 889 sunt.
1354 839 1471 892 Sed
1506 841 1556 892 ei
1599 843 1814 895 cariora
1844 861 1988 895 sem-

247 939 348 990 per
376 922 565 973 omnia
594 938 763 990 quam
796 921 968 972 decus
1013 931 1178 992 atque
1225 924 1494 992 pudicitia
1534 925 1667 984 fuit3
1713 927 1985 994 pecuniae

248 1023 320 1056 an
369 1005 554 1056 famae
603 1005 786 1056 minus
842 1016 1121 1074 parceret,
1168 1007 1321 1058 haud
1376 1007 1541 1059 facile
1597 1009 1982 1071 discerneres3
2020 1045 2067 1074 10

247 1089 496 1141 lubidine
545 1089 625 1141 sic
676 1090 944 1149 adcensa,
996 1099 1055 1140 ut
1099 1090 1326 1158 saepius
1376 1100 1588 1159 peteret
1628 1092 1776 1144 viros
1818 1111 1984 1162 quam

246 1183 545 1242 peteretur.
631 1172 746 1225 Sed
794 1190 860 1224 ea
911 1190 1082 1242 saepe
1133 1174 1375 1224 antehac
1423 1175 1593 1225 fidem
1642 1175 1984 1244 prodiderat,

246 1257 518 1308 creditum
562 1256 941 1327 abjuraverat,
992 1256 1183 1308 caedis
1228 1257 1456 1308 conscia
1499 1257 1712 1318 fuerat3
1762 1259 1984 1311 luxuria

246 1349 409 1408 atque
440 1340 628 1407 inopia
661 1357 934 1408 praeceps
967 1340 1198 1391 abierat.
1284 1340 1502 1392 Verum
1543 1341 1837 1411 ingenium
1869 1343 1988 1413 ejus

245 1424 396 1474 haud
439 1423 782 1474 absurdum:
828 1441 993 1491 posse
1036 1441 1232 1476 versus
1262 1424 1472 1483 facere,
1500 1424 1695 1495 jocum
1740 1443 1986 1487 movere,
2021 1454 2066 1497 15

244 1523 502 1557 sermone
532 1505 608 1557 uti
638 1506 725 1557 vel
758 1506 1009 1558 modesto
1033 1507 1122 1558 vel
1154 1507 1307 1558 molli
1332 1508 1419 1558 vel
1451 1507 1714 1577 procaci3
1758 1526 1989 1577 prorsus

243 1589 452 1640 multae
482 1589 718 1640 facetiae
750 1590 1070 1659 multusque
1101 1591 1259 1659 lepos
1290 1591 1490 1642 inerat.

314 1693 390 1729 26.
466 1678 571 1730 His
625 1679 792 1730 rebus
848 1679 1208 1746 comparatis,
1269 1679 1517 1731 Catilina
1570 1680 1749 1732 nihilo
1806 1681 1990 1733 minus

242 1761 298 1812 in
337 1780 677 1830 proxumum
724 1779 935 1811 annum
978 1763 1333 1813 consulatum
1374 1765 1618 1831 petebat,
1655 1782 1913 1832 sperans,
1947 1765 1990 1816 si

242 1845 573 1914 designatus
616 1844 774 1904 foret,
822 1844 987 1895 facile
1032 1864 1089 1895 se
1133 1864 1204 1896 ex
1233 1846 1522 1897 voluntate
1563 1845 1815 1898 Antonio
1859 1866 1987 1898 usu·
2016 1869 2070 1900 20

241 1946 385 1979 rum.
470 1927 674 1996 Neque
704 1928 917 1978 interea
947 1928 1167 1997 quietus
1198 1938 1337 1987 erat,
1372 1930 1471 1980 sed
1509 1930 1770 1980 omnibus
1812 1931 1991 1982 modis

241 2010 474 2062 insidias
505 2012 741 2078 parabat
771 2010 1055 2062 Ciceroni.
1124 2011 1328 2081 Neque
1353 2013 1432 2062 illi
1462 2022 1653 2063 tamen
1686 2014 1757 2064 ad
1789 2031 1992 2064 caven-

243 2094 376 2144 dum
407 2094 568 2145 dolus
600 2104 693 2144 aut
722 2094 957 2145 astutiae
989 2095 1241 2146 deerant.
1327 2095 1595 2165 Namque
1641 2114 1671 2146 a
1715 2097 1990 2165 principio

242 2177 568 2228 consulatus
601 2177 685 2228 sui
715 2178 889 2228 multa
920 2178 1241 2246 pollicendo
1272 2196 1373 2247 per
1402 2178 1666 2229 Fulviam
1700 2179 1985 2237 effecerat,

241 2269 300 2311 ut
343 2258 430 2327 Q
465 2259 692 2320 Curius,
736 2261 804 2311 de
847 2279 957 2330 quo
1000 2262 1171 2330 paulo
1213 2271 1340 2313 ante
1381 2263 1715 2323 memoravi,
1756 2264 1988 2314 consilia
2018 2285 2066 2327 25

241 2342 520 2395 Catilinae
560 2343 662 2394 sibi
708 2344 1002 2412 proderet3
1048 2345 1122 2396 ad
1167 2345 1274 2396 hoc
1318 2346 1620 2416 conlegam
1665 2364 1828 2397 suum
1870 2345 1990 2397 An-

239 2426 453 2477 tonium
483 2426 743 2495 pactione
773 2427 1100 2495 provinciae
1144 2429 1488 2496 perpulerat,
1525 2448 1594 2480 ne
1639 2439 1831 2481 contra
1871 2448 1986 2481 rem

240 2510 527 2578 publicam
552 2510 812 2570 sentiret3
858 2510 1068 2562 circum
1095 2530 1153 2563 se
1178 2512 1460 2580 praesidia
1488 2513 1798 2564 amicorum
1824 2524 1986 2583 atque

242 2592 528 2644 clientium
558 2594 773 2644 occulte
806 2595 1068 2645 habebat.
1141 2595 1450 2665 Postquam
1486 2596 1605 2647 dies
1636 2596 1986 2649 comitiorum

241 2675 412 2735 venit,
459 2685 511 2727 et
551 2675 832 2728 Catilinae
874 2696 1057 2748 neque
1099 2679 1291 2747 petitio
1338 2697 1522 2749 neque
1573 2679 1809 2731 insidiae
1848 2697 1986 2749 quas
2015 2695 2068 2738 30

250 2758 635 2832 [consulibus]
671 2761 727 2812 in
771 2779 972 2831 campo
1015 2763 1224 2814 fecerat
1266 2781 1535 2832 prospere
1581 2780 1822 2822 cessere,
1858 2781 1989 2814 con-

244 2843 412 2894 stituit
451 2844 663 2895 bellum
704 2845 888 2897 facere
931 2855 984 2897 et
1025 2856 1279 2897 extrema
1321 2847 1512 2898 omnia
1557 2846 1822 2914 experiri,
1855 2865 1989 2916 quo-

243 2926 396 2977 niam
477 2946 622 2997 quae
704 2930 922 2981 occulte
989 2939 1362 2999 temptaverat
1443 2947 1643 2998 aspera
1712 2928 1987 2999 foedaque

243 3021 568 3062 evenerant.

315 3108 390 3145 27.
434 3094 611 3165 Igitur
635 3094 699 3147 C.
727 3095 1011 3147 Manlium
1033 3095 1311 3147 Faesulas
1343 3105 1507 3165 atque
1532 3095 1588 3146 in
1614 3112 1740 3147 earn
1771 3105 1984 3164 partem
2013 3105 2063 3148 35

245 3175 525 3238 Etruriae,
577 3177 914 3247 Septimium
964 3179 1248 3249 quendam
1305 3177 1628 3230 Camertem
1680 3179 1737 3229 in
1787 3197 1987 3251 agrum
