2155 3447
208 112 330 155 CAT.
374 113 469 168 48]
619 99 969 166 Tarquz'm'us
1010 116 1231 148 accuses
1268 104 1530 152 Crassus.
1879 112 1941 168 27

206 278 328 313 esse
381 259 740 330 vigesumum
797 277 1030 322 annum,
1088 279 1257 329 quern
1314 278 1486 329 saepe
1541 279 1615 312 ex
1670 262 1943 334 prodigiis

205 341 492 410 aruspices
547 343 968 410 respondissent
1019 339 1169 394 bello
1226 343 1376 394 civili
1446 351 1742 395 cruentum
1802 345 1936 397 fore.

204 425 382 496 Igitur
429 424 690 489 perlectis
744 424 958 485 litteris,
1006 441 1134 476 cum
1182 424 1336 493 prius
1384 443 1582 477 omnes
1628 426 1793 498 signa
1840 446 1940 480 sua

203 506 619 577 cognovissent,
651 516 877 558 senatus
907 507 1177 567 decernit,
1213 507 1287 558 uti
1321 507 1580 561 abdicato
1611 510 1941 581 magistratu

201 589 501 650 Lentulus,
534 589 777 659 itemque
821 599 1011 647 ceter1‚
1052 589 1107 640 in
1150 590 1339 642 liberis
1385 593 1651 646 custodiis
1693 594 1939 646 habean-

201 682 305 725 tur.
391 671 585 742 Itaque
628 671 904 724 Lentulus
947 671 1013 724 P.
1060 672 1306 726 Lentulo
1348 673 1656 744 Spintheri,
1689 676 1783 746 qui
1823 686 1936 728 tum

201 757 396 810 aedilis
465 766 601 817 erat,
675 757 967 828 Cethegus
1025 756 1112 824 Q
1174 757 1501 820 Cornificio,
1560 759 1812 812 Statilius
1865 760 1933 813 C.

198 840 455 901 Caesari,
485 840 763 893 Gabinius
786 840 868 891 M.
900 840 1131 902 CraSSO,
1160 840 1475 910 Caeparius
1503 843 1663 907 (nam
1695 843 1740 894 is
1770 844 1938 912 paulo

197 934 325 978 ante
380 942 451 976 ex
506 925 643 995 fuga
699 933 971 976 retractus
1027 926 1172 994 erat)
1222 924 1331 978 Cn.
1377 925 1645 977 Terentio
1697 926 1938 978 senatori

196 1010 510 1062 traduntur.

270 1103 344 1141 48.
415 1092 638 1144 Interea
705 1092 922 1161 plebes,
985 1091 1371 1162 conjuratione
1438 1092 1738 1161 patefacta,
1794 1111 1940 1163 quae

195 1176 396 1246 primo,
444 1176 651 1244 cupida
707 1193 893 1226 rerum
937 1192 1235 1235 novarum,
1280 1175 1447 1227 nimis
1489 1176 1639 1227 bello
1694 1176 1938 1238 favebat,

196 1268 408 1311 mutata
450 1268 636 1311 mente
666 1257 949 1311 Catilinae
985 1257 1220 1309 consilia
1264 1258 1571 1318 exsecrari,
1604 1259 1941 1311 Ciceronem

196 1343 267 1396 ad
298 1343 519 1395 caelum
548 1343 778 1402 tollere3
821 1340 993 1393 veluti
1037 1359 1108 1393 ex
1144 1341 1410 1393 servitute
1447 1351 1640 1411 erepta
1669 1343 1941 1413 gaudium

196 1435 362 1497 atque
403 1426 673 1478 laetitiam
716 1425 1002 1497 agitabat:
1061 1443 1307 1495 namque
1350 1425 1461 1477 alia
1502 1425 1637 1477 belli
1692 1426 1943 1479 facinora

195 1510 442 1580 praedae
478 1510 663 1581 magis
692 1527 863 1580 quam
898 1508 1233 1561 detrimento
1278 1509 1417 1569 fore,
1449 1509 1779 1561 incendium
1808 1528 1942 1562 vero

196 1593 443 1653 crudele,
490 1593 946 1653 immoderatum,
982 1611 1049 1644 ac
1090 1592 1195 1644 sibi
1238 1610 1507 1644 maxume
1550 1593 1941 1646 calamitosum

195 1678 445 1747 putabat,
479 1676 688 1746 quippe
727 1676 815 1727 cui
853 1694 1051 1727 omnes
1082 1676 1279 1744 copiae
1322 1675 1378 1726 in
1419 1694 1526 1727 usu
1569 1676 1850 1729 cotidiano
1892 1686 1944 1729 et

198 1761 347 1813 cultu
376 1759 625 1828 corporis
655 1768 834 1811 erant.

269 1848 402 1901 Post
443 1867 571 1900 eum
615 1848 764 1900 diem
806 1848 1036 1918 quidam
1075 1848 1147 1900 L.
1179 1848 1530 1919 Tarquinius
1572 1850 1645 1902 ad
1686 1859 1941 1902 senatum

195 1933 471 1985 adductus
514 1941 651 1993 erat,
693 1950 861 2002 quem
905 1932 974 1984 ad
1023 1931 1332 1985 Catilinam
1375 1933 1830 2002 proficiscentem
1873 1952 1944 1986 ex

194 2015 390 2068 itinere
431 2024 735 2068 retractum
778 2015 1019 2068 aiebant.
1103 2015 1158 2068 Is
1202 2033 1330 2067 cum
1375 2034 1433 2068 se
1476 2017 1690 2069 diceret
1730 2017 1944 2069 indica-

192 2108 380 2151 turum
434 2100 504 2152 de
559 2099 946 2171 conjuratione
1003 2099 1049 2151 si
1105 2099 1246 2151 fides
1301 2100 1530 2168 publica
1586 2101 1718 2152 data
1772 2110 1938 2161 esset,

187 2182 379 2255 jussus
420 2200 452 2234 a
494 2184 726 2235 consule
756 2201 903 2253 quae
934 2183 1101 2235 sciret
1130 2183 1377 2244 edicere,
1410 2183 1612 2236 eadem
1652 2185 1769 2236 fere
1797 2202 1941 2255 quae

192 2264 540 2327 Volturcius,
569 2267 637 2319 de
668 2267 876 2336 paratis
908 2266 1207 2327 incendiiS,
1236 2267 1305 2318 de
1337 2267 1512 2318 caede
1541 2267 1839 2329 bonorum,
1872 2268 1940 2320 de

194 2348 390 2402 itinere
423 2351 685 2411 hostium,
722 2359 979 2403 senatum
1026 2351 1222 2409 docet,
1269 2358 1563 2419 praeterea
1606 2368 1666 2402 se
1708 2351 1938 2403 missum

197 2451 229 2486 a
258 2433 339 2485 M.
372 2433 602 2496 Crass0,
631 2435 724 2505 qui
756 2433 1039 2487 Catilinae
1070 2432 1375 2494 nuntiaret,
1403 2450 1474 2484 ne
1505 2451 1632 2485 eum
1662 2433 1940 2486 Lentulus

196 2527 249 2570 et
277 2517 568 2589 Cethegus
606 2518 811 2588 aliique
855 2536 926 2569 ex
969 2517 1358 2589 conjuratione
1391 2517 1730 2586 deprehensi
1772 2526 1942 2570 terre-

197 2611 340 2662 rent,
374 2620 551 2671 eoque
582 2603 766 2673 magis
796 2611 1124 2671 properaret
1155 2602 1226 2653 ad
1256 2601 1455 2653 urbem
1502 2601 1799 2661 adcedere‚
1831 2620 1940 2671 quo

197 2694 250 2737 et
278 2695 589 2736 ceterorum
621 2686 839 2737 animos
869 2686 1144 2745 reficeret,
1178 2694 1231 2737 et
1260 2685 1338 2736 illi
1371 2684 1593 2736 facilius
1632 2701 1661 2735 e
1691 2683 1939 2752 periculo

197 2770 558 2839 eriperentur.
642 2770 759 2823 Sed
786 2769 881 2821 ubi
910 2769 1258 2840 Tarquinius
1289 2768 1562 2822 Crassum
1608 2766 1936 2827 nominavit,

198 2852 482 2904 hominem
527 2854 795 2914 nobilem,
828 2854 1113 2905 maxumis
1143 2852 1369 2913 divitiis,
1405 2869 1627 2904 summa
1670 2850 1936 2920 potentia,

198 2935 292 2987 alii
333 2954 452 2988 rem
495 2936 883 2988 incredibilem
927 2936 1052 2996 rati,
1085 2955 1214 3006 pars
1256 2936 1476 2988 tametsi
1508 2953 1705 2988 verum
1735 2934 1940 2987 existu-

199 3019 447 3079 mabant,
480 3029 667 3071 tamen
698 3020 829 3089 quia
870 3019 928 3070 in
964 3019 1062 3071 tali
1103 3029 1354 3088 tempore
1396 3028 1550 3070 tanta
1578 3019 1663 3072 vis
1701 3018 1942 3071 hominis

199 3103 383 3173 magis
425 3103 694 3154 leniunda
736 3120 907 3172 quam
950 3102 1294 3172 exagitanda
1334 3101 1651 3163 videbatur,
1687 3102 1939 3172 plerique

200 3184 408 3238 Crasso
462 3204 533 3237 ex
577 3186 819 3256 negotiis
868 3185 1099 3253 privatis
1145 3183 1395 3244 obnoxii,
1443 3184 1805 3237 conclamant
1858 3185 1930 3234 in-

1977 1036 2024 1065 10

1974 1875 2026 1905 20

1973 3115 2025 3158 35
