2155 3447
223 87 289 140 14
709 70 1063 139 Conspzracy
1105 70 1182 138 os
1216 68 1483 123 Catz'lz'ne.
1794 72 1963 130 [SALL-

217 252 435 295 eorum,
466 233 561 304 qui
600 250 814 302 poenas
853 233 1146 285 dederant.
1231 233 1412 287 Nobis
1452 252 1519 287 ea
1548 252 1637 288 res
1676 253 1778 305 pro
1807 253 1966 307 mag-

216 317 468 369 nitudine
500 334 701 385 parum
733 325 1022 384 comperta
1054 325 1151 368 est.

288 420 365 457 23.
407 404 524 457 Sed
548 405 604 455 in
629 422 695 455 ea
721 404 1106 475 conjuratione
1137 405 1238 456 suit
1263 404 1350 472 Q
1368 405 1598 468 Curius,
1624 416 1788 460 natus
1813 408 1964 460 haud

215 491 454 542 obscuro
484 489 631 547 loco,
660 487 888 557 flagitiis
916 497 1080 557 atque
1107 488 1450 540 facinoribus
1481 501 1762 558 copertus,
1795 508 1963 560 quem

130 595 151 638 5
215 592 479 627 censores
504 582 702 625 senatu
732 572 921 642 probri
953 572 1136 643 gratia
1168 583 1479 625 moverant.
1568 572 1720 624 Huic
1750 573 1963 625 homini

215 678 326 711 non
358 659 539 710 minor
567 658 786 709 vanitas
809 657 988 708 inerat
1018 675 1189 727 quam
1216 657 1455 709 audacia
1480 675 1489 705 :
1524 675 1705 727 neque
1730 657 1962 709 reticere

213 762 358 814 quae
402 743 677 804 audierat,
731 761 914 813 neque
959 753 1178 795 suamet
1224 743 1345 812 ipse
1392 742 1607 794 scelera
1653 742 1958 803 occultare,

213 848 441 898 prorsus
487 847 668 900 neque
718 828 906 880 dicere
965 846 1150 898 neque
1205 828 1392 880 facere
1450 827 1754 898 quicquam
1801 827 1959 896 pensi

213 914 475 967 habebat.
561 913 697 965 Erat
739 912 788 965 ei
819 931 948 965 cum
991 912 1215 973 Fulvia,
1263 913 1498 964 muliere
1544 911 1741 971 nobili,
1787 912 1961 981 stupri

137 1021 186 1050 ιο
210 1008 368 1051 vetus
413 998 796 1050 consuetudo:
842 997 931 1049 cui
975 1014 1104 1048 cum
1148 996 1332 1049 minus
1375 1006 1570 1068 gratus
1613 1006 1782 1057 esset,
1828 997 1960 1067 quia

209 1082 399 1151 inopia
446 1082 631 1134 minus
677 1080 874 1153 largiri
917 1090 1153 1150 poterat,
1201 1091 1431 1150 repente
1482 1080 1735 1152 glorians
1781 1081 1961 1133 maria

211 1167 525 1236 montisque
575 1165 829 1235 polliceri
876 1166 1080 1235 coepit,
1131 1175 1183 1217 et
1218 1165 1420 1216 minari
1468 1165 1750 1218 interdum
1788 1165 1956 1227 ferrO,

208 1250 264 1301 ni
295 1250 399 1302 sibi
429 1250 675 1302 obnoxia
707 1250 881 1310 foret3
925 1260 1209 1319 postremo
1252 1249 1496 1301 ferocius
1541 1249 1757 1320 agitare
1787 1267 1958 1320 quam

208 1334 402 1387 solitus
433 1344 569 1386 erat.
629 1333 706 1385 At
727 1333 952 1393 Fulvia,
981 1333 1315 1386 insolentiae
1340 1332 1478 1386 Curi
1509 1351 1682 1385 causa
1707 1333 1955 1404 cognita,

131 1435 178 1480 15
207 1418 317 1470 tale
347 1417 662 1487 periculum
693 1416 773 1468 rei
813 1417 1077 1486 publicae
1110 1416 1264 1469 haud
1291 1418 1575 1469 occultum
1607 1417 1825 1477 habuit,
1859 1418 1959 1470 sed

207 1502 427 1553 sublato
458 1511 707 1562 auctore,
743 1501 811 1553 de
836 1500 1120 1553 Catilinae
1145 1500 1534 1572 conjuratione
1559 1518 1704 1571 quae
1735 1519 1957 1572 quoque

206 1585 374 1637 modo
406 1585 660 1636 audierat
690 1584 1076 1653 compluribus
1107 1584 1376 1636 narravit.
1449 1584 1535 1635 Ea
1564 1602 1653 1636 res
1682 1583 1739 1635 in
1763 1585 1958 1654 primis

207 1668 389 1720 studia
429 1669 723 1720 hominum
762 1668 1024 1720 accendit
1067 1669 1141 1720 ad
1181 1668 1538 1720 consulatum
1570 1668 1956 1720 mandandum

206 1751 290 1803 M.
325 1752 516 1804 Tullio
548 1751 834 1804 Ciceroni.
901 1751 1172 1822 Namque
1203 1761 1369 1803 antea
1394 1752 1666 1822 pleraque
1696 1752 1957 1805 nobilitas

127 1855 180 1884 20
205 1836 418 1887 invidia
468 1836 781 1896 aestuabat,
832 1845 883 1887 et
930 1835 1092 1906 quasi
1141 1835 1317 1905 pollui
1363 1836 1720 1887 consulatum
1763 1837 1959 1888 crede-

205 1920 358 1979 bant,
405 1919 449 1970 si
493 1938 620 1970 eum
664 1919 925 1989 quamvis
969 1919 1237 1990 egregius
1281 1920 1452 1971 homo
1492 1937 1672 1971 novus
1719 1920 1956 1988 adeptus

204 2003 362 2054 soret.
429 2002 546 2054 Sed
578 2003 669 2054 ubi
700 2003 1016 2071 periculum
1049 2002 1295 2063 advenit,
1322 2002 1536 2053 invidia
1567 2012 1732 2072 atque
1763 2021 1957 2072 super-

203 2087 296 2138 bia
326 2096 450 2155 post
479 2087 654 2138 fuere.

277 2191 353 2228 24.
396 2176 576 2247 Igitur
620 2176 857 2227 comitiis
901 2176 1106 2228 habitis
1156 2177 1419 2228 consules
1464 2175 1824 2227 declarantur
1864 2176 1951 2227 M.

126 2272 177 2314 25
203 2260 427 2312 Tullius
458 2269 510 2311 et
539 2259 609 2311 C.
643 2258 947 2311 Antonius.
1012 2258 1184 2328 Qod
1214 2260 1425 2311 factum
1456 2259 1637 2328 primo
1665 2260 1952 2328 popularis

205 2343 607 2415 conjurationis
632 2352 997 2394 concusserat
1020 2362 1030 2392 :
1077 2361 1260 2413 neque
1286 2352 1476 2394 tamen
1498 2342 1779 2394 Catilinae
1799 2344 1953 2395 furor

206 2427 582 2488 minuebatur,
643 2427 742 2478 sed
798 2426 853 2478 in
919 2427 1038 2479 dies
1093 2428 1258 2496 plura
1315 2428 1568 2497 agitare3
1638 2444 1796 2477 arma
1850 2443 1951 2496 per

206 2510 427 2562 Italiam
482 2510 621 2562 locis
676 2511 1008 2579 opportunis
1063 2528 1286 2579 parare,
1346 2510 1649 2579 pecuniam
1703 2528 1804 2562 sua
1861 2521 1953 2562 aut

205 2594 517 2646 amicorum
562 2594 673 2645 fide
721 2604 1005 2662 sumptam
1054 2603 1306 2644 mutuam
1354 2593 1639 2663 Faesulas
1678 2594 1746 2644 ad
1786 2593 1953 2644 Man-

123 2691 178 2731 30
204 2678 340 2728 lium
373 2677 661 2747 quendam
704 2687 950 2745 portare,
993 2677 1087 2747 qui
1131 2687 1327 2746 postea
1369 2676 1635 2746 princeps
1679 2676 1779 2727 fuit
1819 2677 1950 2728 belli

203 2760 473 2812 faciundi.
553 2759 638 2811 Ea
682 2769 1012 2829 tempestate
1058 2762 1350 2829 plurumos
1399 2759 1671 2831 cujusque
1725 2760 1950 2831 generis

205 2844 465 2896 homines
496 2844 803 2895 adscivisse
834 2844 938 2896 sibi
970 2844 1191 2905 dicitur,
1223 2843 1488 2895 mulieres
1519 2843 1686 2895 etiam
1718 2844 1947 2914 aliquot,

204 2946 350 2997 quae
404 2928 585 2997 primo
633 2927 881 2999 ingentis
925 2938 1180 2997 sumptus
1224 2938 1416 2997 stupro
1460 2928 1708 2997 corporis
1750 2929 1952 2980 tolera-

205 3020 421 3072 verant,
472 3020 597 3080 post
644 3011 739 3063 ubi
789 3021 943 3064 aetas
992 3022 1206 3064 tantum
1251 3012 1419 3064 modo
1468 3011 1725 3081 quaestui
1767 3030 1951 3082 neque

116 3101 168 3144 35
205 3095 463 3147 luxuriae
508 3096 736 3147 modum
780 3095 1009 3157 fecerat,
1058 3114 1152 3148 aes
1190 3095 1438 3147 alienum
1479 3095 1699 3165 grande
1742 3094 1952 3147 confia-

205 3188 419 3229 verant.
504 3178 614 3230 Per
662 3197 759 3231 eas
808 3198 866 3232 se
917 3179 1164 3232 Catilina
1206 3179 1474 3230 credebat
1514 3196 1681 3248 posse
1726 3179 1947 3231 servitia
