2155 3447
273 96 339 133 10
678 76 793 128 lee
831 74 1185 146 Compirszcy
1228 77 1305 145 os
1339 76 1608 128 Catz'lz‘ne.
1839 89 2005 146 [SALL

339 259 404 297 17.
447 242 627 314 Igitur
656 241 875 293 circiter
904 240 1201 292 Kalendas
1233 239 1456 310 juniaS,
1496 238 1568 290 L.
1608 238 1858 292 Caesare
1894 238 2005 310 [et]

266 328 334 382 C.
359 327 566 398 Figulo
591 325 941 383 consulibus,
966 324 1147 392 primo
1167 323 1423 393 singulos
1448 323 1738 390 appellare
1762 340 1774 371 :
1806 323 2013 374 hortari

267 412 426 472 alios,
461 410 600 462 alios
630 416 940 476 temptare:
984 424 1120 475 opes
1161 424 1314 466 suaS,
1347 405 1684 473 imparatam
1723 422 1842 456 rem
1872 406 2011 473 pub-

266 495 455 555 licam,
486 509 696 563 magna
729 489 982 559 praemia
1014 487 1415 560 conjurationis
1446 487 1669 540 docere.
1737 487 1851 539 Ubi
1881 488 2014 539 satis

186 596 205 640 5
267 578 559 646 explorata
601 583 729 627 sunt
757 590 905 644 quae
947 572 1141 631 voluit,
1175 571 1232 622 in
1272 588 1444 622 unum
1489 570 1671 622 omnis
1716 580 2010 630 convocat,

265 661 468 731 quibus
518 675 788 710 maxuma
839 655 1196 707 necessitudo
1252 662 1304 705 et
1360 654 1686 722 plurumum
1742 654 2014 706 audaciae

264 745 464 795 inerat.
548 742 633 794 Eo
682 757 1001 793 convenere
1045 737 1310 789 senatorii
1360 736 1573 788 ordinis
1621 735 1687 786 P.
1737 734 2015 788 Lentulus

269 827 436 887 Sura,
469 825 534 878 P.
571 824 902 883 Autronius,
942 822 1012 873 L.
1051 820 1286 873 Cassius
1329 819 1654 890 LonginUS,
1695 817 1766 870 C.
1809 817 2015 871 Cethe-

267 929 395 981 guS,
442 910 504 961 P.
537 919 589 961 et
630 908 863 961 Servius
906 905 1104 958 Sullae
1149 903 1313 956 Servi
1343 903 1462 963 filii,
1497 902 1567 954 L.
1602 901 2011 973 Vargunteius,

191 1024 239 1053 10
269 993 356 1064 Q
379 992 625 1052 AnniUS,
660 991 744 1042 M.
778 990 1016 1043 Porcius
1057 988 1273 1047 Laeca,
1307 986 1379 1037 L.
1414 986 1627 1046 Bestia,
1665 984 2013 1053 QCurius:

266 1088 557 1147 praeterea
588 1094 658 1128 ex
702 1074 945 1146 equestri
990 1073 1187 1126 ordine
1232 1070 1317 1122 M.
1353 1070 1589 1122 Fulvius
1626 1069 1906 1132 Nobilior,
1941 1071 2013 1123 L.

268 1161 542 1221 Statilius,
589 1160 650 1211 P.
695 1159 974 1211 Gabinius
1018 1157 1245 1226 Capito,
1295 1154 1364 1208 C.
1414 1154 1751 1207 Cornelius:
1796 1156 1868 1207 ad
1911 1157 2018 1209 hoc

267 1245 423 1297 multi
467 1262 538 1296 ex
573 1243 808 1296 coloniis
851 1252 903 1294 et
945 1241 1290 1310 municipiis,
1325 1239 1477 1292 domi
1520 1239 1757 1292 nobiles.
1842 1239 2020 1292 Erant

266 1338 558 1399 praeterea
603 1328 924 1396 complures
974 1327 1145 1395 paulo
1194 1324 1470 1377 occultius
1527 1323 1726 1376 consili
1783 1324 2019 1396 hujusce

193 1436 238 1481 15
268 1413 570 1482 participes
613 1411 851 1471 nobileS,
884 1428 1025 1480 quos
1058 1409 1242 1479 magis
1274 1408 1676 1460 dominationis
1719 1427 1849 1478 spes
1891 1410 2019 1461 hor-

266 1497 488 1548 tabatur
528 1513 699 1565 quam
742 1494 934 1563 inopia
978 1503 1073 1544 aut
1122 1493 1232 1544 alia
1276 1492 1650 1544 necessitudo.
1750 1491 2018 1545 Ceterum

262 1580 527 1650 juventus
572 1579 865 1648 pleraque,
915 1579 1014 1629 sed
1067 1594 1336 1628 maxume
1381 1576 1678 1637 nobilium,
1738 1575 2020 1628 Catilinae

266 1663 504 1733 inceptis
560 1663 818 1715 favebat:
887 1663 1090 1732 quibus
1147 1662 1203 1712 in
1258 1661 1369 1713 otio
1424 1661 1514 1712 vel
1571 1660 1875 1731 magnifice
1929 1662 2017 1712 vel

268 1748 510 1800 molliter
552 1747 744 1798 vivere
786 1746 950 1815 copia
986 1755 1126 1805 erat,
1172 1745 1385 1796 incerta
1430 1763 1530 1813 pro
1574 1744 1759 1805 certis,
1805 1745 2017 1796 bellum

189 1854 244 1886 20
268 1849 438 1901 quam
469 1849 668 1900 pacem
701 1831 1008 1881 malebant.
1094 1829 1279 1880 Fuere
1310 1829 1442 1879 item
1474 1846 1539 1880 ea
1564 1837 1896 1897 tempestate
1924 1828 2019 1898 qui

268 1916 561 1967 crederent
608 1914 692 1965 M.
745 1914 1032 1966 Licinium
1083 1913 1358 1965 Crassum
1410 1931 1522 1965 non
1578 1913 1843 1984 ignarum
1898 1912 2019 1984 ejus

266 1999 463 2051 consili
507 1998 713 2057 fuisse,
757 1998 889 2067 quia
932 1997 1042 2050 Cn.
1077 1997 1406 2066 Pompeius,
1441 1997 1655 2050 invisus
1697 1997 1824 2066 ipsi,
1862 2015 2020 2067 mag-

267 2100 402 2134 num
434 2083 743 2133 exercitum
775 2082 1062 2142 ductabat,
1097 2081 1349 2152 cujusvis
1381 2100 1517 2150 opes
1546 2081 1794 2134 voluisse
1825 2091 2017 2133 contra

266 2165 416 2217 illius
460 2165 766 2234 potentiam
810 2183 1087 2225 crescere,
1135 2165 1304 2217 simul
1343 2167 1642 2227 confisum,
1676 2165 1719 2217 si
1760 2165 2020 2237 conjura-

190 2268 242 2311 25
268 2251 341 2300 tio
370 2249 658 2309 valuisset,
691 2248 856 2300 facile
889 2249 1040 2317 apud
1070 2249 1195 2301 illos
1229 2249 1542 2318 principem
1574 2268 1633 2302 se
1663 2249 1802 2302 fore.

342 2347 406 2383 18.
447 2332 562 2385 Sed
612 2342 776 2384 antea
827 2333 957 2384 item
1011 2333 1381 2404 conjuravere
1433 2335 1599 2404 pauci
1649 2344 1844 2387 contra
1899 2352 2016 2385 rem

269 2418 576 2486 publicam,
634 2416 689 2467 in
745 2417 948 2487 quibus
1018 2416 1268 2470 Catilina
1336 2419 1469 2470 fuit:
1539 2419 1608 2470 de
1675 2437 1786 2489 qua
1846 2436 2017 2489 quam

269 2500 577 2552 verissume
602 2510 792 2568 potero
817 2501 1025 2553 dicam.
1073 2501 1144 2553 L.
1169 2502 1343 2554 Tullo
1373 2502 1484 2573 [et]
1515 2502 1618 2553 Μ’.
1647 2502 1868 2571 Lepido
1888 2521 2021 2553 con-

270 2584 501 2644 sulibuS,
540 2583 605 2634 P.
653 2583 963 2637 Autronius
1002 2596 1053 2637 et
1084 2585 1147 2637 Ρ.
1190 2584 1372 2647 Sulla,
1409 2586 1691 2658 designati
1732 2587 2015 2643 consules,

189 2681 245 2724 30
269 2668 491 2737 legibus
541 2668 782 2720 ambitus
839 2669 1169 2740 interrogati
1220 2687 1434 2738 poenas
1491 2670 1785 2721 dederant.
1886 2669 2020 2721 Post

271 2751 438 2819 paulo
483 2750 752 2812 Catilina,
797 2753 1167 2821 pecuniarum
1216 2753 1652 2821 repetundarum
1699 2771 1847 2812 reus,
1893 2771 2019 2822 pro-

271 2834 475 2886 hibitus
520 2845 638 2887 erat
684 2837 1041 2888 consulatum
1086 2846 1274 2904 petere
1314 2835 1493 2906 [quod
1533 2836 1676 2887 intra
1716 2836 2018 2907 legitumos

270 2918 389 2970 dies
435 2920 680 2987 profiteri
727 2919 1097 2989 nequiverit]
1182 2919 1319 2971 Erat
1363 2920 1564 2971 eodem
1606 2929 1858 2988 tempore
1904 2919 2013 2972 Cn.

270 3000 422 3062 Piso,
476 3004 814 3055 adulescens
872 3003 1095 3062 nobilis,
1157 3020 1413 3054 summae
1464 3002 1761 3063 audaciae,
1815 3020 2014 3073 egem,

189 3092 240 3136 35
271 3083 560 3147 factiosus,
593 3103 762 3155 quem
795 3085 864 3136 ad
896 3085 1340 3152 perturbandam
1364 3103 1482 3136 rem
1511 3085 1798 3154 publicam
1829 3085 2018 3154 inopia

272 3178 439 3238 atque
471 3169 606 3219 mali
651 3187 835 3220 mores
879 3168 1262 3220 stimulabant.
1349 3167 1497 3220 Cum
1541 3169 1650 3221 hoc
1691 3167 1937 3220 Catilina
1967 3176 2021 3221 et
