2155 3447
212 98 286 151 30
622 79 679 133 T
670 81 738 132 [τε
776 80 1130 151 Conspz'racy
1172 82 1250 150 (gf
1283 81 1554 134 Catilina
1786 97 1955 154 [SALL‚

209 247 358 294 bellis
384 247 594 293 Punicis
631 244 891 301 omnibus,
920 261 1039 292 curn
1078 261 1233 308 saepe
1260 243 1721 308 Carthaginienses
1764 246 1867 312 [et]
1905 250 1958 296 in

211 339 339 386 pace
367 329 416 369 et
440 338 532 384 per
561 321 795 367 inducias
831 320 994 366 multa
1032 321 1226 366 nefaria
1264 321 1493 367 facinora
1531 321 1785 381 fecissent,
1814 341 1958 371 num-

209 414 366 461 quam
417 398 514 458 ipsi
564 412 657 458 per
705 395 1032 441 occasionem
1082 395 1206 441 talia
1254 395 1452 452 fecere3
1517 398 1682 459 magis
1732 399 1856 461 quid
1905 416 1957 447 se

210 474 424 534 dignum
464 472 609 527 foret,
637 486 794 533 quam
833 470 958 533 quid
996 470 1048 515 in
1087 470 1200 516 illos
1231 470 1345 533 jure
1382 470 1490 517 fieri
1528 481 1719 535 posset,
1748 490 1957 535 quaere-

124 566 144 609 5
209 548 347 594 bant.

278 622 447 668 “Hoc
488 622 608 667 item
636 620 783 666 vobis
820 621 1201 682 providendum
1239 628 1331 680 est,
1360 629 1532 686 patres
1570 624 1866 686 conscripti,
1894 641 1957 671 ne

208 699 324 761 plus
362 698 499 759 apud
537 712 627 742 vos
663 696 831 742 valeat
857 695 914 741 P.
945 695 1153 743 Lentuli
1192 704 1242 745 et
1276 706 1565 745 ceterorum
1604 699 1771 746 scelus
1796 717 1952 762 quam

137 835 141 837 μ
206 782 376 820 vostra
415 773 657 834 dignitas,
698 788 796 818 neu
837 772 1003 834 magis
1054 773 1158 819 irae
1197 781 1396 820 vostrae
1434 791 1593 837 quam
1632 775 1801 821 famae
1839 792 1957 821 con-

206 849 401 897 sulatis.
484 847 624 894 Nam
665 848 704 893 si
744 848 901 909 digna
939 864 1108 910 poena
1146 865 1240 911 pro
1284 850 1430 896 factis
1467 866 1646 896 eorum
1684 851 1956 913 reperitur,

131 938 179 968 10
207 941 394 972 novom
423 923 697 970 consilium
726 922 991 986 approbo;
1032 924 1109 969 sin
1149 926 1453 986 magnitudo
1490 926 1696 972 sceleris
1722 927 1956 972 omnium

206 1001 413 1063 ingenia
452 1006 742 1062 exsuperat,
769 999 844 1046 eis
881 999 1130 1046 utendum
1169 1016 1371 1056 censeo,
1407 1018 1541 1063 quae
1579 1001 1781 1063 legibus
1819 1018 1956 1048 com-

204 1083 384 1140 parata
413 1083 545 1122 sunt.

274 1152 566 1214 “Plerique
607 1167 785 1197 eorum
826 1152 914 1214 qui
952 1158 1067 1198 ante
1104 1169 1185 1198 me
1226 1153 1503 1199 sententias
1537 1154 1791 1211 dixerunt,
1819 1171 1956 1200 com-

203 1229 370 1291 posite
410 1235 561 1290 atque
601 1226 877 1289 magnifice
916 1244 1094 1274 casum
1133 1228 1205 1274 rei
1257 1227 1498 1291 publicae
1539 1229 1764 1275 miserati
1805 1237 1950 1276 sunt:

132 1322 179 1364 15
204 1321 336 1368 quae
373 1303 490 1350 belli
534 1304 746 1350 saevitia
785 1311 932 1359 esset,
972 1320 1104 1366 quae
1141 1305 1292 1351 victis
1336 1305 1648 1362 acciderent,
1688 1321 1954 1351 enumera-

204 1397 352 1436 vere3
382 1381 493 1444 rapi
520 1381 763 1442 virgines,
791 1395 1013 1442 pueros3
1042 1380 1218 1426 divelli
1246 1380 1437 1427 liberos
1464 1396 1491 1426 a
1515 1387 1792 1443 parentum
1820 1397 1957 1427 com-

204 1460 391 1523 plexu3
433 1467 620 1505 matres
658 1458 975 1504 familiarum
1019 1459 1127 1521 pati
1166 1474 1299 1521 quae
1337 1456 1620 1504 victoribus
1664 1458 1958 1505 conlubuis-

206 1543 346 1591 sent3
386 1536 504 1582 fana
542 1543 694 1597 atque
731 1535 916 1581 domos
955 1534 1198 1597 spoliari3
1251 1534 1483 1591 caedem,
1531 1533 1771 1580 incendia
1814 1534 1955 1591 fieri,

204 1620 468 1676 postremo
518 1612 694 1668 armis,
745 1610 1102 1667 cadaveribus,
1153 1626 1334 1657 cruore
1386 1616 1539 1672 atque
1590 1610 1729 1656 luctu
1780 1611 1957 1656 omnia

128 1711 183 1740 20
206 1689 470 1752 compleri.
559 1687 681 1745 Sed,
720 1703 813 1751 per
850 1687 973 1734 deos
1012 1686 1338 1743 immortalis,
1376 1702 1480 1748 quo
1520 1686 1607 1731 illa
1644 1687 1808 1732 oratio
1847 1702 1959 1749 per-

205 1764 390 1812 tinuit?
459 1763 565 1822 An,
611 1765 680 1811 uti
726 1780 819 1810 vos
863 1763 1073 1809 infestos
1115 1762 1455 1825 conjurationi
1501 1761 1724 1808 faceret?
1764 1762 1960 1808 scilicet

206 1858 359 1905 quem
410 1857 490 1888 res
539 1848 678 1887 tanta
727 1847 776 1886 et
824 1846 930 1886 tam
980 1846 1125 1885 atrox
1167 1855 1270 1885 non
1314 1838 1589 1901 permovit,
1634 1854 1752 1884 eum
1796 1838 1959 1884 oratio

208 1918 467 1965 accendet.
540 1917 662 1964 Non
699 1917 768 1963 ita
805 1923 897 1972 est,
927 1932 1093 1978 neque
1121 1915 1366 1977 cuiquam
1408 1914 1702 1960 mortalium
1743 1914 1958 1976 injuriae

208 2011 328 2040 suae
355 2010 544 2057 parvae
571 1994 838 2040 videntur:
881 1991 1028 2038 multi
1057 2007 1143 2037 eas
1169 1991 1379 2053 gravius
1406 2006 1572 2052 aequo
1600 1989 1840 2036 habuere.

129 2083 180 2125 25
276 2074 306 2096 “
328 2068 431 2117 Sed
459 2070 559 2115 alia
586 2069 699 2115 aliis
725 2068 931 2115 licentia
954 2074 1045 2124 est,
1069 2074 1242 2129 patres
1264 2066 1561 2128 conscripti.
1617 2064 1722 2128 Qui
1747 2065 1955 2112 demissi

209 2146 259 2190 in
287 2144 505 2191 obscuro
531 2146 687 2191 vitam
718 2143 927 2200 habent,
957 2144 997 2190 si
1032 2143 1158 2206 quid
1201 2142 1471 2189 iracundia
1498 2141 1778 2203 deliquere,
1805 2142 1958 2204 pauci
1992 2198 1995 2201 Ι

209 2221 392 2273 sciunt,
431 2221 570 2266 fama
609 2228 761 2283 atque
800 2220 1003 2266 fortuna
1043 2234 1223 2265 eorum
1265 2233 1417 2281 pares
1456 2224 1602 2273 sunt3
1642 2217 1729 2279 qui
1771 2233 1958 2279 magno

210 2297 429 2358 imperio
479 2297 697 2359 praediti
751 2297 800 2343 in
852 2296 1056 2342 excelso
1107 2302 1330 2341 aetatem
1381 2300 1559 2356 agunt,
1604 2309 1780 2340 eorum
1826 2293 1958 2339 facta

209 2372 377 2418 cuncti
419 2373 660 2418 mortales
698 2387 901 2418 novere.
988 2371 1066 2418 Ita
1106 2372 1157 2417 in
1199 2386 1445 2416 maxuma
1484 2369 1684 2415 fortuna
1724 2369 1954 2415 minuma

129 2458 184 2500 30
209 2447 416 2493 licentia
443 2456 547 2503 est3
579 2464 742 2510 neque
771 2448 992 2504 studere,
1022 2464 1188 2509 neque
1217 2447 1407 2503 odisse,
1432 2445 1519 2491 sed
1549 2445 1779 2491 minume
1807 2444 1955 2491 irasci

209 2523 384 2579 decet3
430 2540 562 2586 quae
606 2524 745 2586 apud
785 2524 913 2570 alios
963 2523 1229 2570 iracundia
1281 2522 1486 2576 dicitur,
1533 2537 1593 2566 ea
1638 2521 1688 2566 in
1738 2520 1958 2582 imperio

209 2598 448 2661 superbia
500 2606 652 2661 atque
699 2599 975 2646 crudelitas
1020 2598 1332 2662 appellatur.
1429 2596 1692 2662 Equidem
1742 2611 1838 2657 ego
1887 2596 1958 2641 sic

209 2675 480 2731 existumo,
508 2683 680 2737 patres
706 2675 1005 2737 conscripti,
1034 2675 1204 2720 omnis
1243 2673 1500 2720 cruciatus
1542 2672 1766 2718 minores
1801 2687 1957 2733 quam

208 2749 435 2795 facinora
464 2750 670 2796 illorum
692 2766 801 2796 esse
823 2767 832 2795 :
863 2750 950 2796 sed
973 2750 1207 2812 plerique
1231 2748 1473 2794 mortales
1497 2754 1757 2810 postrema
1781 2746 1958 2792 memi-

127 2831 179 2874 35
210 2840 328 2870 nere
350 2840 360 2879 ;
388 2833 437 2871 et
464 2826 513 2871 in
535 2824 832 2871 hominibus
860 2825 1053 2887 impiis,
1077 2825 1283 2871 sceleris
1309 2839 1488 2870 eorum
1512 2822 1677 2880 obliti,
1707 2822 1769 2868 de
1790 2838 1959 2885 poena

209 2900 465 2947 disserunt
490 2902 528 2947 si
557 2917 616 2948 ea
643 2902 799 2964 paulo
827 2902 1052 2947 severior
1085 2901 1197 2947 fuit.

276 2975 394 3021 “D.
430 2974 686 3033 Silanum,
723 2977 892 3022 virum
930 2977 1113 3023 fortem
1160 2983 1311 3037 atque
1356 2982 1639 3032 strenuum,
1681 2981 1819 3021 certo
1853 2975 1957 3020 scio

208 3066 339 3111 quae
387 3051 573 3097 dixerit
615 3051 783 3097 studio
828 3052 898 3097 rei
950 3051 1191 3113 publicae
1240 3051 1448 3107 dixisse,
1495 3067 1661 3113 neque
1712 3050 1858 3096 illum
1906 3049 1955 3094 in

207 3132 345 3170 tanta
369 3142 419 3171 re
441 3127 661 3187 gratiam
688 3134 775 3171 aut
802 3126 1101 3172 inimicitias
1127 3141 1395 3172 exercere:
1424 3141 1512 3172 eos
1539 3141 1708 3171 mores
1734 3140 1954 3187 eamque

123 3217 182 3261 40
208 3201 514 3246 modestiam
555 3201 649 3245 viri
694 3201 931 3263 cognovi.
998 3200 1199 3247 Verum
1242 3201 1492 3247 sententia
1532 3201 1640 3259 ejus
1685 3201 1810 3246 mihi
1855 3215 1957 3245 non
