2155 3447
217 83 287 147 38
636 78 749 129 lee
787 79 1140 149 Conspzracy
1182 87 1259 148 (ff
1293 83 1561 134 Catz'lz'ne.
1792 98 1960 155 [SALL‚

213 262 315 314 per
356 243 560 297 montis
604 261 835 312 asperos
878 243 1104 315 magnis
1146 243 1438 297 itineribus
1495 244 1552 297 in
1596 264 1798 318 agrum
1841 247 1963 300 Pis-

215 327 516 380 toriensem
547 327 795 387 abducit,
828 344 895 379 eo
926 326 1182 388 consilio,
1215 327 1292 378 uti
1335 345 1436 397 per
1464 329 1714 382 tramites
1743 331 1961 382 occulte

213 411 539 482 perfugeret
566 410 623 461 in
653 408 903 461 Galliam
943 408 1475 482 [Transalpinam].

286 492 364 545 At
394 492 482 560 Q
506 492 773 544 Metellus
804 491 974 544 Celer
1005 510 1132 544 cum
1163 493 1338 545 tribus
1370 494 1691 564 legionibus
1733 496 1790 547 in
1821 513 1961 567 agro

123 593 146 638 5
211 577 421 630 Piceno
464 578 843 648 praesidebat,
890 595 962 629 ex
1007 578 1332 631 difficultate
1379 598 1566 631 rerum
1609 581 1810 633 eadem
1865 582 1961 633 illa

211 664 561 715 existumans
611 681 756 733 quae
813 680 985 733 supra
1036 663 1305 726 diximus,
1354 664 1661 717 Catilinam
1719 667 1955 738 agitare.

212 747 390 818 Igitur
431 748 525 799 ubi
569 748 671 798 iter
714 748 833 819 ejus
878 765 949 800 ex
991 749 1245 820 perfugis
1289 750 1575 821 cognovit,
1610 760 1792 803 castra
1835 770 1963 821 pro-

211 851 343 902 pere
387 832 580 894 movit,
614 851 681 885 ac
723 835 825 886 sub
868 834 1005 904 ipsis
1048 835 1334 888 radicibus
1379 836 1653 888 montium
1683 838 1958 900 consedit,

210 936 321 989 qua
350 917 429 970 illi
460 919 768 971 descensus
799 929 917 971 erat
957 919 1014 971 in
1046 918 1295 972 Galliam
1326 921 1672 991 properanti.
1756 921 1961 994 Neque

127 1019 178 1049 10
208 1012 398 1055 tamen
451 1001 736 1056 Antonius
803 1005 999 1073 procul
1069 1005 1283 1066 aberat,
1341 1014 1533 1074 utpote
1586 1005 1682 1076 qui
1749 1024 1962 1078 magno

209 1089 459 1142 exercitu
516 1089 655 1142 locis
712 1090 1072 1161 aequioribus
1135 1090 1400 1160 expedito
1459 1129 1471 1142 .
1522 1129 1534 1142 .
1585 1130 1597 1142 .
1648 1130 1659 1142 .
1711 1091 1767 1143 in
1824 1092 1958 1164 fuga

209 1182 554 1244 sequeretur.
641 1172 759 1226 Sed
808 1173 1078 1236 Catilina,
1131 1185 1430 1245 postquam
1478 1175 1631 1227 videt
1678 1176 1962 1228 montibus

209 1268 375 1328 atque
406 1258 582 1327 copiis
612 1258 860 1310 hostium
890 1276 1014 1311 sese
1046 1259 1327 1321 clausum,
1360 1259 1418 1311 in
1445 1260 1584 1312 urbe
1626 1277 1717 1311 res
1759 1260 1961 1312 advor‹

208 1359 321 1402 saS,
347 1360 531 1412 neque
561 1342 735 1414 fugae
764 1359 950 1413 neque
973 1343 1220 1412 praesidi
1251 1344 1426 1395 ullam
1457 1361 1639 1413 spem,
1667 1352 1960 1413 optumum

128 1430 174 1474 Ι5
207 1425 358 1478 sactu
400 1435 552 1478 ratus
593 1426 651 1478 in
692 1426 789 1478 tali
830 1444 890 1479 re
933 1426 1217 1479 fortunam
1259 1427 1394 1479 belli
1436 1436 1732 1497 temptare,
1772 1428 1962 1480 statuit

206 1526 337 1561 curn
370 1508 623 1562 Antonio
653 1528 826 1581 quam
868 1510 1114 1579 primum
1159 1510 1491 1582 confligere.
1577 1511 1795 1581 Itaque,
1829 1528 1963 1562 con-

205 1592 355 1645 tione
386 1594 683 1654 advocata,
710 1594 948 1666 hujusce
978 1594 1129 1646 modi
1159 1595 1472 1646 orationem
1505 1595 1733 1646 habuit:

271 1698 347 1735 58.
410 1689 440 1711 “
462 1683 805 1749 Compertum
833 1703 930 1748 ego
958 1686 1142 1745 habeo,
1172 1688 1380 1744 milites,
1407 1686 1565 1734 verba
1589 1687 1832 1734 virtutem
1858 1704 1962 1734 non

205 1760 412 1820 addere,
440 1779 606 1825 neque
645 1779 708 1808 ex
746 1763 936 1825 ignavo
976 1771 1239 1809 strenuum
1269 1780 1436 1825 neque
1463 1763 1648 1809 fortem
1675 1780 1739 1809 ex
1773 1763 1961 1810 timido

125 1849 180 1880 20
205 1837 489 1884 exercitum
511 1839 742 1885 oratione
763 1840 1091 1901 imperatoris
1112 1839 1241 1885 fieri.
1282 1837 1493 1901 Quanta
1515 1839 1763 1901 cujusque
1785 1839 1961 1885 animo

205 1913 423 1960 audacia
444 1922 626 1961 natura
648 1922 735 1961 aut
760 1914 992 1961 moribus
1019 1915 1164 1971 inest,
1187 1922 1328 1961 tanta
1356 1915 1408 1960 in
1433 1914 1572 1960 bello
1591 1922 1771 1977 patere
1799 1914 1958 1961 solet:

205 2006 360 2053 quem
386 2007 553 2053 neque
580 1991 746 2053 gloria
773 2007 939 2053 neque
966 1991 1200 2053 pericula
1226 1991 1469 2048 excitant,
1498 1991 1817 2053 nequiquam
1845 1990 1960 2036 hor-

205 2074 343 2114 tere:
383 2067 539 2113 timor
577 2068 737 2113 animi
777 2066 989 2113 auribus
1016 2065 1207 2113 obfieit.
1284 2065 1389 2114 Sed
1415 2082 1512 2128 ego
1542 2082 1630 2112 vos
1657 2083 1760 2129 quo
1792 2083 1959 2130 pauca

206 2159 473 2189 monerem
501 2143 769 2201 advocavi,
793 2143 946 2189 simul
973 2144 1045 2189 uti
1074 2159 1284 2190 causam
1314 2143 1415 2188 mei
1444 2142 1626 2188 consili
1655 2143 1930 2205 aperirem.

127 2235 177 2279 25
274 2222 306 2246 ‘⁶
327 2217 483 2266 Scitis
510 2219 772 2282 equidem,
801 2219 1009 2275 milites,
1038 2219 1273 2265 socordia
1313 2226 1465 2280 atque
1503 2218 1711 2279 ignavia
1749 2217 1958 2264 Lentuli

205 2303 451 2360 quantam
481 2296 579 2358 ipsi
608 2295 858 2358 nobisque
886 2295 1088 2342 cladem
1117 2295 1374 2351 adtulerit,
1403 2310 1609 2356 quoque
1638 2294 1811 2349 modo,
1835 2294 1958 2340 dum

206 2388 269 2418 ex
289 2371 414 2418 urbe
434 2372 693 2434 praesidia
715 2372 976 2434 opperior,
1002 2372 1054 2417 in
1076 2370 1306 2418 Galliam
1330 2370 1592 2433 proficisci
1615 2370 1955 2432 nequiverim.

206 2447 361 2494 Nunc
387 2464 508 2494 vero
535 2465 638 2511 quo
668 2446 775 2512 [in]
805 2448 919 2494 loco
945 2464 1026 2495 res
1053 2454 1254 2493 nostrae
1283 2447 1400 2504 sint,
1422 2446 1568 2509 juxta
1607 2461 1809 2492 mecum
1849 2461 1958 2491 om-

206 2539 296 2570 nes
323 2524 636 2587 intellegitis.
701 2524 975 2571 Exercitus
1003 2524 1229 2570 hostium
1257 2523 1377 2580 duo,
1406 2538 1538 2568 unus
1565 2521 1629 2568 ab
1657 2520 1799 2579 urbe,
1829 2521 1957 2567 alter

122 2610 177 2651 30
207 2616 236 2646 a
262 2599 434 2647 Gallia
462 2600 696 2648 obstant:
738 2601 930 2647 diutius
973 2601 1024 2646 in
1061 2600 1140 2646 his
1178 2600 1305 2646 locis
1333 2615 1459 2657 esse,
1490 2599 1529 2645 si
1570 2613 1812 2667 maxume
1851 2597 1957 2643 ani-

207 2692 322 2723 mus
358 2676 503 2735 ferat,
532 2677 773 2724 frumenti
802 2685 954 2740 atque
983 2677 1203 2722 aliarum
1239 2691 1410 2722 rerum
1446 2682 1646 2737 egestas
1682 2672 1952 2737 prohibet:

206 2769 535 2815 quocumque
586 2754 656 2800 ire
705 2753 893 2816 placet,
939 2753 1072 2799 ferro
1124 2753 1218 2799 iter
1266 2751 1612 2814 aperiundum
1663 2756 1753 2796 est.
1837 2747 1956 2812 Qua

207 2836 418 2891 propter
438 2845 528 2875 vos
556 2845 759 2886 moneo,
782 2829 854 2875 uti
882 2829 998 2874 forti
1021 2836 1174 2890 atque
1201 2834 1382 2890 parato
1411 2826 1585 2871 animo
1613 2825 1739 2882 sitis,
1763 2832 1813 2871 et
1837 2840 1956 2871 cum

207 2903 464 2965 proelium
509 2903 704 2950 inibitis
737 2903 1078 2950 memineritis
1111 2918 1203 2948 vos
1242 2902 1465 2958 divitias,
1499 2901 1672 2958 decus,
1713 2899 1955 2962 gloriam,

127 2983 172 3029 35
206 2986 472 3041 praeterea
499 2978 788 3026 libertatem
816 2987 968 3041 atque
990 2979 1212 3041 patriam
1241 2978 1292 3023 in
1314 2977 1506 3024 dextris
1527 2976 1711 3022 vostris
1732 2981 1954 3037 portare.

208 3051 265 3100 Si
303 3054 577 3111 vincimus,
617 3055 794 3100 omnia
833 3054 981 3100 nobis
1027 3061 1133 3100 tuta
1171 3060 1336 3110 erunt,
1376 3059 1696 3098 commeatus
1733 3049 1955 3106 abunde,

209 3129 495 3191 municipia
535 3137 687 3191 atque
726 3130 960 3176 coloniae
999 3128 1279 3191 patebunt:
1333 3128 1410 3173 sin
1454 3133 1592 3172 metu
1632 3125 1955 3181 cesserimus,

208 3204 388 3249 eadem
431 3205 516 3250 illa
554 3205 770 3251 advorsa
797 3204 948 3259 fient3
991 3221 1156 3265 neque
1195 3204 1355 3257 locus,
1385 3218 1550 3264 neque
1590 3201 1787 3245 amicus
1824 3199 1954 3261 quis-
