2155 3447
93 60 212 102 CAT.
253 55 338 114 16.]
440 40 554 91 His
591 39 1005 110 Companz'ons:
1049 39 1134 89 leis
1172 38 1582 109 Opportunity.
1793 57 1826 109 9

89 205 216 257 illos
243 201 516 256 obnoxios
555 202 808 271 fidosque
850 201 954 253 sibi
999 201 1228 253 faceret.
1311 199 1444 253 Scio
1486 200 1659 254 fuisse
1690 220 1826 254 non-=

89 287 274 339 nullos
303 285 396 355 qui
438 284 512 336 ita
546 284 970 345 existumarent,
1009 283 1383 354 juventutem,
1416 300 1562 352 quae
1594 284 1823 336 domum

89 368 370 422 Catilinae
438 367 845 436 frequentabat,
914 384 1114 435 parum
1189 366 1423 417 honeste
1498 367 1822 435 pudicitiam

90 451 377 511 habuisse,
423 450 520 501 sed
563 467 634 500 ex
676 448 799 500 aliis
842 449 1007 500 rebus
1056 448 1262 518 magiS,
1313 466 1483 517 quam
1523 451 1673 520 quod
1712 451 1826 502 cui-

88 552 254 604 quam
287 533 341 584 id
372 541 719 600 compertum
750 531 909 591 foret,
945 532 1087 582 haec
1117 531 1269 582 fama
1299 532 1542 585 valebat.
1856 544 1875 585 5

138 632 202 668 15.
224 617 354 686 Jam
375 615 616 684 primum
639 614 974 665 adulescens
994 612 1241 665 Catilina
1262 616 1433 666 multa
1454 616 1699 683 nefanda
1723 625 1827 667 stu-

89 719 188 770 pra
216 700 446 757 fecerat,
480 715 607 748 cum
637 695 858 765 virgine
888 695 1084 755 nobili,
1118 713 1245 747 cum
1278 699 1569 750 sacerdote
1591 698 1821 757 Vestae,

88 785 198 836 alia
228 782 462 851 hujusce
491 779 643 831 modi
673 789 867 830 contra
891 779 982 850 jus
1014 779 1233 849 fasque.
1317 780 1608 833 Postremo
1633 791 1826 850 captus

88 883 278 918 amore
307 862 577 915 Aureliae
608 861 931 923 Orestillae,
979 863 1138 934 cujus
1168 873 1390 932 praeter
1418 864 1656 915 formam
1690 864 1825 915 nihil

87 965 355 1019 umquam
384 947 566 998 bonus
596 946 867 1005 laudavit,
901 947 1052 1016 quod
1094 964 1161 998 ea
1189 948 1400 999 nubere
1431 947 1510 998 illi
1540 948 1829 999 dubitabat
1867 967 1913 996 ιο

86 1034 288 1086 timens
337 1029 661 1101 privignum
708 1029 962 1082 adultum
1008 1039 1209 1090 aetate,
1256 1049 1356 1099 pro
1396 1041 1545 1083 certo
1588 1031 1830 1083 creditur

88 1125 288 1170 necato
331 1114 446 1166 filio
490 1131 732 1165 vacuam
780 1113 1011 1165 domum
1058 1114 1308 1165 scelestis
1353 1114 1559 1182 nuptiis
1604 1114 1823 1166 fecisse.

90 1200 258 1272 Qae
287 1197 514 1269 quidem
557 1214 646 1248 res
688 1196 826 1247 mihi
857 1196 913 1247 in
956 1196 1151 1265 primis
1182 1197 1401 1248 videtur
1443 1214 1614 1249 causa
1657 1197 1828 1249 fuisse

89 1283 353 1337 facinoris
398 1280 739 1332 maturandi.
823 1279 1090 1350 Namque
1130 1280 1353 1332 animus
1396 1280 1671 1349 impurus,
1713 1281 1832 1333 deis

90 1366 524 1435 hominibusque
566 1363 823 1424 infestUS,
858 1381 1041 1433 neque
1076 1363 1286 1433 vigiliis
1328 1381 1511 1433 neque
1555 1364 1833 1433 quietibus
1871 1385 1914 1427 15

89 1450 273 1504 sedari
304 1457 552 1519 poterat:
595 1447 670 1499 ita
713 1447 1059 1499 conscientia
1091 1457 1335 1497 mentem
1377 1446 1619 1498 excitam
1650 1458 1834 1498 vasta-

89 1536 202 1587 bat.
287 1533 466 1604 Igitur
495 1531 649 1584 colos
681 1530 730 1582 ei
755 1530 1088 1600 exsanguiS,
1122 1529 1269 1581 foedi
1294 1530 1462 1590 oculi,
1497 1530 1636 1582 citus
1668 1531 1834 1582 modo

90 1617 259 1670 modo
323 1616 516 1667 tardus
582 1614 874 1666 incessus:
945 1631 1173 1682 prorsus
1240 1613 1296 1664 in
1358 1613 1502 1665 facie
1569 1614 1834 1684 voltuque

89 1700 353 1753 vecordia
382 1699 579 1750 inerat.
663 1713 730 1749 16.
768 1696 884 1749 Sed
921 1697 1296 1768 juventutem,
1331 1714 1501 1766 quam
1538 1697 1627 1767 (ut
1665 1715 1834 1766 supra

91 1783 367 1851 diximus)
402 1783 700 1841 inlexerat,
735 1780 923 1832 multis
963 1780 1142 1831 modis
1174 1780 1323 1830 mala
1355 1780 1605 1832 facinora
1636 1781 1836 1833 edoce=
1868 1808 1920 1837 20

89 1869 202 1920 bat.
287 1866 377 1918 Ex
416 1866 524 1917 illis
563 1865 717 1916 testis
759 1864 1190 1934 signatoresque
1221 1863 1394 1915 falsos
1437 1864 1833 1923 commodare3

92 1952 283 2011 fidem,
309 1949 582 2009 fortunas,
610 1947 884 2016 pericula,
910 1946 1044 1997 vilia
1069 1947 1279 1998 habere
1302 1964 1314 2006 3
1350 1956 1495 2015 post,
1518 1947 1612 1998 ubi
1642 1965 1833 1999 eorum

93 2037 302 2086 famam
334 2042 498 2102 atque
528 2032 803 2101 pudorem
843 2030 1150 2090 attriverat,
1193 2030 1406 2101 majora
1448 2030 1556 2081 alia
1594 2030 1836 2098 impera-

90 2119 218 2170 bat:
263 2116 309 2169 si
338 2133 510 2168 causa
550 2114 826 2184 peccandi
865 2114 922 2164 in
954 2131 1225 2182 praesens
1264 2113 1450 2166 minus
1481 2115 1833 2182 suppetebat,

93 2200 269 2252 nihilo
298 2200 484 2251 minus
526 2198 761 2250 insontis
802 2197 964 2250 sicuti
995 2197 1169 2249 sontis
1209 2197 1640 2257 circumvenire,
1666 2197 1838 2268 jugu-
1870 2220 1919 2262 25

93 2282 559 2344 lare,—scilicet
603 2300 674 2334 ne
713 2299 814 2351 per
862 2282 1037 2333 otium
1076 2289 1462 2350 torpescerent
1497 2298 1695 2332 manus
1745 2290 1838 2332 aut

95 2367 338 2426 animUS,
395 2366 638 2436 gratuito
693 2365 875 2434 potius
930 2365 1113 2416 malus
1171 2374 1336 2434 atque
1393 2364 1635 2416 crudelis
1696 2374 1832 2415 erat.

95 2450 192 2502 Eis
223 2450 418 2502 amicis
449 2449 727 2519 sociisque
767 2449 1012 2501 confisus
1053 2447 1322 2508 Catilina,
1358 2447 1523 2499 simul
1563 2448 1712 2517 quod
1742 2465 1838 2499 aes

97 2535 339 2586 alienum
372 2551 472 2602 per
500 2533 682 2585 omnis
711 2542 887 2584 terras
916 2532 1122 2604 ingens
1152 2542 1290 2592 erat,
1324 2541 1378 2583 et
1405 2531 1555 2600 quod
1585 2531 1838 2601 plerique

96 2617 318 2669 Sullani
349 2616 571 2677 militeS,
605 2616 820 2687 largius
851 2635 952 2668 suo
983 2616 1089 2677 usi,
1125 2616 1453 2685 rapinarum
1494 2624 1547 2666 et
1573 2614 1839 2666 victoriae
1870 2632 1923 2674 30

95 2700 298 2752 veteris
328 2718 630 2760 memoreS‚
663 2700 826 2752 civile
866 2701 1078 2751 bellum
1111 2701 1480 2770 exoptabant,
1514 2698 1841 2767 opprimun-

97 2785 202 2836 dae
256 2783 335 2835 rei
389 2783 651 2852 publicae
705 2783 1003 2835 consilium
1059 2784 1225 2853 cepit.
1311 2784 1377 2835 In
1435 2781 1598 2834 Italia
1654 2781 1841 2832 nullus

99 2866 399 2927 exercitus,
456 2865 565 2918 Cn.
624 2865 930 2934 Pompeius
985 2866 1040 2917 in
1096 2867 1362 2919 extremis
1412 2866 1573 2919 terris
1629 2865 1840 2917 bellum

100 2950 353 3020 gerebat,
385 2949 491 3018 ipsi
532 2949 885 3000 consulatum
929 2950 1135 3017 petenti
1178 2967 1391 3020 magna
1431 2968 1581 3019 spes,
1617 2957 1845 3001 senatus

100 3033 240 3084 nihil
285 3050 420 3084 sane
465 3032 746 3083 intentus:
802 3041 951 3083 tutae
994 3032 1445 3102 tranquillaeque
1487 3051 1576 3086 res
1626 3050 1841 3093 omneS,
1870 3048 1922 3097 35

102 3115 201 3168 sed
229 3133 295 3167 ea
323 3133 551 3185 prorsus
580 3123 895 3184 opportuna
925 3112 1225 3166 Catilinae.
