2155 3447
147 189 321 237 fflNN
370 189 420 234 ἃ
471 189 875 237 COMPANY’S

142 825 230 864 Affap

173 892 187 918 I
197 910 205 918 .

197 980 203 987 .
247 949 340 988 The
366 949 518 988 World
540 962 587 989 as
609 949 766 988 known
790 956 834 988 to
858 950 930 989 the
955 951 1176 990 Ancients.

337 351 1122 444 CLASSICAL
1208 356 1692 445 ATLAS.

249 561 343 593 Used
365 562 438 593 and
459 562 730 593 recommended
751 562 796 601 by
818 563 879 595 the
901 563 1052 604 leadinq
1071 564 1310 603 preparatory
1333 563 1487 601 schools,
1515 565 1681 605 colleqes.
1708 567 1782 598 and

496 616 739 653 universities.
766 617 848 649 both
871 618 907 650 in
932 618 1006 652 this
1027 618 1182 658 country
1204 619 1278 650 and
1298 618 1335 650 in
1358 618 1531 659 fnqland.

844 756 1188 797 CONTENTS.

252 880 353 918 Plan
378 880 425 918 of
447 881 601 926 Rome,
625 880 709 919 and
733 881 1027 921 Illustrations
1050 882 1097 920 of
1119 882 1326 921 Classical
1352 883 1476 922 Sites.

248 1019 352 1069 Map
374 1018 421 1056 of
442 1018 515 1057 the
538 1025 663 1058 outer
686 1019 948 1072 Geography
968 1020 1015 1058 of
1037 1021 1108 1059 the
1131 1020 1339 1073 Odyssey.

248 1087 376 1127 Orbis
409 1089 640 1127 Terrarum
674 1089 734 1140 (et
761 1088 862 1128 Orb.
893 1090 1089 1136 Homeri,
1114 1089 1344 1137 Herodoti,
1368 1090 1621 1138 Democriti,
1644 1090 1879 1138 Strabonis,

364 1158 618 1210 Ptolemaei).

248 1227 475 1277 Hispania.

246 1296 397 1335 Gallia.

246 1366 404 1404 Insulae
430 1366 686 1406 Britannicae
712 1368 772 1418 (et
797 1367 898 1406 Brit.
923 1367 1161 1413 Strabonis,
1186 1368 1287 1406 Brit.
1314 1368 1549 1414 Ptolemaei,
1572 1370 1685 1418 etc.).

246 1436 488 1481 Germania,
515 1436 767 1482 Vindelicia‚
794 1437 978 1483 Rhaetia,
1001 1444 1043 1476 et
1068 1437 1289 1476 Noricum.

247 1506 481 1552 Pannonia,
508 1506 654 1552 Dacia,
681 1507 911 1558 Illyricum,
937 1507 1104 1553 Moesia,
1131 1507 1402 1554 Macedonia,
1425 1515 1467 1547 et
1489 1508 1685 1547 Thracia.

247 1575 372 1613 Italia
396 1576 599 1626 Superior
621 1582 663 1614 et
686 1576 875 1615 Corsica.

194 1674 201 1681 .
245 1644 373 1683 Italia
396 1645 590 1691 Inferior,
617 1645 773 1691 Sicilia,
797 1652 838 1684 et
863 1645 1061 1684 Sardinia
1085 1646 1144 1697 (et
1167 1646 1420 1697 Campania,
1445 1646 1682 1698 Syracusae,
1706 1648 1878 1698 Roma).

244 1714 478 1764 Imperium
503 1715 750 1753 Romanum
777 1718 834 1765 (et
859 1716 966 1766 Imp.
994 1717 1117 1754 Rom.
1143 1716 1306 1755 Orient.
1331 1723 1372 1754 et
1396 1716 1574 1764 Occid.).

195 1813 201 1820 .
243 1783 411 1822 Graecia
435 1785 494 1835 (et
518 1785 717 1830 Athenae,
744 1785 991 1831 Marathon,
1014 1785 1352 1838 Thermopylae).

245 1855 584 1905 Peloponnesus,
610 1855 768 1900 Attica,
795 1855 976 1900 Boeotia,
1002 1855 1168 1901 Phocis,
1193 1855 1369 1901 AEtolia,
1393 1862 1434 1894 et
1458 1856 1711 1894 Acarnania.

242 1924 411 1963 Graecia
436 1937 462 1962 a
488 1924 607 1963 Bello
642 1924 1025 1975 Peloponnesiaco,
1049 1937 1186 1975 usque
1217 1924 1271 1963 ad
1305 1925 1550 1976 Philippum
1584 1926 1642 1963 ΙΙ.
1669 1928 1727 1975 (et
1762 1926 1879 1964 Man-

357 1994 484 2040 tinea,
510 1995 703 2039 Leuctra,
732 1994 925 2045 Plataea).

242 2063 349 2102 Asia
371 2064 515 2102 Minor
540 2064 600 2115 (et
623 2063 817 2114 Campus
840 2063 1003 2115 Trojae,
1029 2063 1262 2114 Bosporos,
1286 2064 1436 2109 Troas,
1462 2064 1598 2109 Ionia,
1621 2066 1733 2115 etc.).

191 2162 198 2170 .
242 2132 364 2186 Syria
385 2140 426 2172 et
453 2134 669 2173 Palestina
692 2133 752 2183 (et
777 2133 1098 2185 Hierosolyma,
1121 2133 1235 2184 etc.).

241 2203 458 2249 Armenia,
483 2203 815 2254 Mesopotamia,
841 2202 1089 2255 Babylonia,
1113 2203 1291 2255 Assyria
1315 2203 1375 2253 (et
1398 2203 1487 2241 Iter
1509 2202 1847 2254 Xenophontis).

242 2273 440 2323 Regnum
465 2272 700 2312 Alexandri
725 2272 874 2323 Magni
899 2273 958 2323 (et
982 2272 1205 2317 Granicus,
1231 2273 1364 2318 Issus,
1389 2272 1580 2323 Arbela).

243 2342 388 2381 Persia
408 2349 450 2380 et
474 2341 598 2380 India
623 2343 682 2393 (et
707 2342 830 2380 India
855 2341 1111 2392 Ptolemaei).

190 2440 196 2447 .
241 2412 468 2464 AEgyptus‚
496 2411 670 2456 Arabia,
695 2418 737 2450 et
761 2411 985 2462 AEthiopia
1009 2411 1069 2463 (et
1092 2412 1306 2463 AEgyptus
1331 2410 1546 2461 Inferior).

241 2481 390 2520 Africa
414 2482 472 2533 (et
497 2481 732 2532 Carthago,
757 2480 1032 2527 Alexandria,
1058 2480 1275 2526 Numidia,
1300 2487 1342 2519 et
1365 2480 1513 2519 Africa
1538 2480 1744 2531 Propria).

242 2550 428 2601 Europe,
460 2550 657 2601 showing
687 2550 760 2589 the
791 2551 962 2601 general
995 2549 1203 2588 direction
1236 2549 1283 2587 of
1322 2549 1395 2588 the
1430 2549 1659 2588 Barbarian
1692 2548 1874 2588 Inroads

355 2618 511 2670 during
533 2619 605 2658 the
629 2620 808 2659 Decline
829 2619 915 2658 and
938 2620 1030 2658 Fall
1054 2619 1100 2657 of
1121 2619 1194 2658 the
1218 2620 1388 2657 Roman
1411 2618 1596 2671 Empire.
1660 2638 1661 2642 =

243 2687 390 2727 Index.

241 2757 405 2796 Allen's
429 2758 689 2810 Geography
712 2758 759 2796 of
781 2758 853 2797 the
877 2757 1060 2796 Ancient
1086 2756 1250 2795 World.

138 3008 409 3059 GINN
465 3011 524 3059 ὃς
573 3011 1153 3069 COMPANY,
1200 3011 1869 3068 PUBLISHERS,

378 3127 555 3153 BOSTON.
609 3127 707 3153 NEW
733 3127 865 3153 YORK.
917 3126 1126 3153 CHICAGO.
1179 3126 1399 3152 ATLANTA.
1452 3125 1631 3152 DALLAS.
