2155 3447
122 122 128 127 -
172 88 238 139 18
584 86 699 137 lee
737 87 1089 158 Conspz'racy
1133 89 1209 157 (ff
1244 89 1511 140 Catz'lz‘ne.
1743 89 1912 146 [SALL-

166 269 365 321 pacem
398 252 627 313 habere,
662 270 762 304 suo
793 253 1032 322 quisque
1062 262 1213 304 metu
1243 253 1497 322 pericula
1527 255 1732 307 metiri.
1817 255 1912 310 Ad

164 337 272 387 hoc
316 335 602 396 mulieres,
651 336 854 406 quibus
899 337 978 387 rei
1025 337 1288 405 publicae
1335 338 1730 408 magnitudine
1777 340 1910 391 belli

161 419 326 470 timor
366 419 622 471 insolitus
663 419 990 480 incesserat,
1026 420 1314 471 adflictare
1358 438 1502 482 sese,
1537 440 1739 474 manus
1781 433 1929 491 sup-'

161 502 322 571 plicis
379 502 450 554 ad
505 503 727 553 caelum
785 504 1040 564 tendere,
1093 503 1349 554 miserari
1412 521 1618 573 parvos
1678 506 1905 565 liberos,

77 610 95 651 ς
159 585 426 655 rogitare,
460 586 650 637 omnia
680 604 912 655 pavere,
945 587 1210 656 superbia
1242 596 1408 658 atque
1439 588 1656 640 deliciis
1685 589 1908 642 omissis

159 669 263 721 sibi
294 669 622 740 patriaeque
654 670 929 722 diffidere.

231 757 310 809 At
353 757 636 810 Catilinae
683 759 927 810 crudelis
971 759 1193 811 animus
1236 760 1438 811 eadem
1480 760 1577 812 illa
1622 763 1902 824 movebat,

155 842 373 893 tametsi
417 842 699 910 praesidia
744 843 1110 910 parabantur,
1145 853 1197 894 et
1239 843 1358 911 ipse
1401 844 1530 914 lege
1560 843 1782 895 Plautia
1824 845 1907 895 in-

155 935 472 995 terrogatus
515 935 632 975 erat
675 925 745 976 ab
785 924 854 976 L.
890 924 1089 977 Paulo.
1175 925 1465 978 Postremo
1509 925 1904 980 dissimulandi

80 1036 130 1065 10
156 1025 328 1060 causa
351 1009 440 1059 vel
465 1008 549 1060 sui
574 1009 957 1079 expurgandi,
986 1008 1166 1060 sicubi
1206 1009 1398 1080 jurgio
1422 1010 1717 1061 lacessitus
1741 1010 1899 1071 foret,

154 1092 209 1142 in
240 1101 497 1143 senatum
526 1091 699 1143 venit.
782 1092 935 1142 Tum
966 1091 1049 1142 M.
1084 1091 1310 1143 Tullius
1342 1092 1561 1153 consul,
1596 1092 1712 1144 sive
1743 1111 1905 1161 prae-

153 1176 390 1227 sentiam
446 1175 567 1245 ejus
621 1175 824 1226 timens
880 1175 996 1226 sive
1052 1175 1134 1226 ira
1199 1185 1534 1236 commotUS,
1592 1176 1902 1228 orationem

154 1259 348 1310 habuit
401 1259 748 1309 luculentam
804 1267 969 1328 atque
1024 1259 1217 1309 utilem
1264 1259 1344 1309 rei
1393 1259 1677 1327 publicae,
1730 1278 1899 1329 quam

154 1351 347 1410 postea
379 1341 644 1410 scriptam
677 1342 869 1394 edidit.
955 1341 1071 1394 Sed
1102 1342 1196 1393 ubi
1225 1342 1318 1393 ille
1350 1342 1590 1402 adsedit,
1627 1342 1897 1404 Catilina,

83 1447 126 1490 ¹5
152 1434 211 1476 ut
240 1435 359 1476 erat
387 1435 617 1494 paratus
661 1426 732 1477 ad
774 1426 1187 1478 dissimulanda
1229 1425 1438 1486 omnia,
1471 1426 1719 1478 demisso
1747 1427 1901 1478 voltu

153 1525 292 1560 voce
335 1509 576 1577 supplici
620 1510 904 1578 postulare
948 1527 979 1560 a
1010 1510 1260 1578 patribus
1305 1509 1510 1576 coepit,
1543 1527 1613 1560 ne
1657 1510 1791 1579 quid
1833 1511 1902 1563 de

155 1610 214 1645 30
245 1602 456 1644 temere
486 1594 814 1645 crederent:
860 1611 926 1644 ea
957 1592 1171 1644 familia
1208 1601 1414 1652 ortum,
1447 1591 1522 1643 ita
1553 1611 1611 1644 se
1644 1593 1713 1644 ab
1745 1594 1905 1646 adul-

154 1677 403 1729 escentia
427 1677 597 1728 vitam
624 1677 951 1738 instituisse,
974 1687 1033 1728 ut
1056 1676 1245 1728 omnia
1264 1677 1414 1727 bona
1433 1676 1491 1726 in
1512 1694 1610 1745 spe
1634 1677 1902 1738 haberet3

155 1780 226 1814 ne
278 1762 705 1821 existumarent,
759 1761 884 1818 sibi,
938 1760 1172 1829 patricio
1221 1759 1457 1820 homini,
1511 1760 1672 1831 cujus
1726 1761 1906 1830 ipsius

74 1862 127 1891 20
155 1855 320 1915 atque
352 1846 629 1917 majorum
660 1845 923 1914 pluruma
964 1844 1243 1896 beneficia
1286 1843 1342 1894 in
1373 1844 1645 1912 populum
1690 1844 1906 1897 Roma-

154 1948 289 1980 num
333 1939 540 1990 essent,
586 1930 803 1998 perdita
845 1947 904 1980 re
948 1928 1175 1997 publica
1217 1946 1358 1996 opus
1401 1945 1549 1988 esse,
1603 1945 1732 1979 cum
1779 1946 1904 1980 eam

156 2022 405 2065 servaret
447 2012 530 2064 M.
590 2013 838 2073 Tullius,
896 2011 1205 2082 inquilinus
1261 2010 1399 2062 civis
1452 2011 1608 2063 urbis
1657 2011 1901 2064 Romae.

154 2097 249 2150 Ad
281 2098 387 2149 hoc
418 2098 565 2148 male
596 2096 744 2149 dicta
769 2096 879 2147 alia
904 2114 1031 2147 cum
1058 2096 1309 2156 adderet,
1338 2095 1664 2163 obstrepere
1683 2114 1904 2157 omneS,

155 2183 371 2233 hostem
399 2190 563 2251 atque
588 2180 928 2250 parricidam
952 2197 1178 2232 vocare.
1238 2178 1389 2229 Tum
1419 2178 1514 2229 ille
1544 2178 1902 2240 furibundUS,

70 2291 120 2335 25
155 2265 449 2334 Qcom’am
507 2265 732 2335 quidem
800 2266 1217 2316 circumventus
1278 2262 1458 2332 inquit
1523 2263 1593 2313 ab
1661 2264 1907 2314 2'722'7122'62'5

144 2355 430 2422 praeceps
459 2367 628 2419 agor,
662 2349 983 2400 incendium
1014 2366 1194 2398 meum
1226 2347 1400 2398 ruebat
1431 2347 1809 2416 restinguam.

228 2454 305 2491 32.
349 2439 572 2491 Deinde
604 2456 662 2490 se
693 2457 763 2489 ex
794 2438 949 2499 curia
975 2438 1206 2488 domum
1236 2435 1529 2505 proripuit.
1616 2435 1700 2487 Ibi
1726 2437 1900 2488 multa

154 2525 276 2594 ipse
307 2542 499 2576 secum
531 2523 786 2583 volvenS,
821 2522 971 2591 quod
1015 2537 1198 2590 neque
1241 2520 1481 2571 insidiae
1526 2519 1744 2571 consuli
1774 2538 1905 2589 pro=

156 2609 456 2668 cedebant,
500 2616 553 2658 et
603 2607 672 2657 ab
717 2605 980 2657 incendio
1030 2604 1399 2674 intellegebat
1446 2603 1903 2673 urbemyvigiliis

71 2714 128 2756 30
155 2693 451 2753 munitam,
498 2700 790 2760 optumum
834 2689 984 2740 factu
1027 2688 1265 2739 credens
1309 2687 1621 2738 exercitum
1666 2704 1900 2756 augere,

156 2796 222 2829 ac
251 2777 405 2846 prius
436 2793 606 2846 quam
650 2774 905 2843 legiones
949 2772 1328 2839 scriberentur
1359 2771 1535 2821 multa
1565 2779 1904 2838 antecapere

155 2879 299 2932 quae
342 2860 490 2912 bello
532 2858 657 2910 usui
700 2857 901 2917 forent,
948 2866 1110 2907 nocte
1153 2855 1491 2923 intempesta
1535 2871 1665 2904 cum
1705 2854 1904 2922 paucis

155 2946 210 2996 in
243 2944 539 2996 Manliana
570 2952 752 2994 castra
782 2941 1065 3010 profectus
1097 2949 1196 2990 est.
1285 2938 1401 2990 Sed
1431 2937 1694 3008 Cethego
1737 2946 1903 3007 atque

159 3028 420 3086 Lentulo,
480 3026 793 3094 ceterisque
861 3042 1099 3093 quorum
1169 3030 1517 3093 cognoverat
1582 3029 1901 3090 promptam

74 3133 125 3176 35
158 3112 477 3171 audaciam,
513 3110 746 3160 mandat
774 3108 976 3177 quibus
1011 3108 1178 3157 rebus
1210 3105 1424 3174 possint
1466 3123 1602 3173 opes
1646 3104 1902 3155 factionis

157 3196 509 3253 confirment,
539 3193 772 3245 insidias
793 3191 1011 3243 consuli
1030 3199 1331 3249 maturent,
1357 3190 1612 3249 caedem,
1640 3188 1901 3239 incendia
