2155 3447
231 416 430 476 THE
490 415 1114 476 CONSPJRACY
1168 416 1295 476 OF
1352 417 1837 477 CATJLJNE.

939 593 1027 625 B.c.
1059 581 1128 636 63.

295 721 496 775 MNIS
528 721 807 783 homines,
841 721 936 792 qui
967 738 1090 774 sese
1132 721 1354 774 student
1393 732 1680 791 praestare
1710 724 1908 777 ceteris

327 806 689 866 animalibus,
724 821 946 857 summa
976 822 1082 874 ope
1112 804 1209 856 niti
1235 805 1415 866 decet,
1450 823 1520 857 ne
1548 807 1718 857 vitam
1742 808 1909 859 silen-

162 890 235 942 tio
275 898 566 942 transeant
608 888 778 941 veluti
821 905 1052 957 pecora,
1093 905 1238 957 quae
1280 898 1480 940 natura
1521 907 1700 958 prona
1743 899 1908 960 atque

160 973 340 1026 ventri
388 972 745 1025 oboedientia
801 971 981 1023 finxit.
1067 970 1184 1023 Sed
1240 981 1428 1023 nostra
1475 972 1659 1024 omnis
1713 973 1796 1025 vis
1850 974 1907 1024 in

161 1057 350 1109 animo
399 1065 451 1108 et
496 1073 730 1124 corpore
786 1055 890 1107 sita
936 1063 1052 1106 est:
1111 1054 1283 1105 animi
1338 1054 1598 1123 imperio,
1656 1057 1956 1125 corporis5

160 1140 385 1192 servitio
411 1139 594 1209 magis
617 1139 825 1190 utimur
847 1157 859 1198 ;
904 1139 1142 1189 alterum
1168 1137 1328 1188 nobis
1352 1154 1480 1188 cum
1506 1139 1643 1199 deis,
1669 1140 1905 1191 alterum

159 1240 286 1275 cum
330 1222 511 1275 beluis
562 1239 862 1274 commune
902 1230 1002 1273 est.
1092 1219 1226 1288 Qo
1271 1220 1409 1271 mihi
1449 1222 1652 1273 rectius
1687 1222 1908 1274 videtur

157 1308 351 1380 ingeni
382 1325 553 1378 quam
583 1307 785 1358 virium
811 1307 1012 1376 opibus
1043 1306 1285 1378 gloriam
1318 1323 1625 1376 quaerere3
1671 1318 1742 1368 et,
1771 1326 1908 1377 quo-

158 1391 307 1442 niam
333 1391 445 1442 vita
475 1391 598 1459 ipsa
629 1408 739 1460 qua
770 1390 1008 1441 fruimur
1031 1390 1217 1442 brevis
1249 1399 1349 1447 est,
1379 1390 1710 1441 memoriam
1734 1392 1904 1443 nostri

156 1492 326 1544 quam
373 1492 641 1526 maxume
687 1475 920 1545 longam
961 1474 1203 1526 efficere.
1291 1472 1443 1526 Nam
1487 1473 1806 1525 divitiarum
1854 1485 1906 1527 et

156 1558 370 1609 formae
425 1556 607 1628 gloria
662 1557 817 1609 fluxa
874 1567 1040 1627 atque
1090 1557 1310 1628 fragilis
1365 1565 1468 1617 est,
1527 1556 1702 1610 Virtus
1752 1558 1904 1611 clara

157 1648 497 1709 aeternaque
530 1640 782 1692 habetur.

231 1722 347 1775 Sed
377 1724 472 1775 diu
503 1741 776 1794 magnum
818 1723 962 1775 inter
1001 1724 1251 1776 mortalis
1292 1733 1581 1775 certamen
1621 1724 1741 1786 fuit,
1774 1726 1902 1778 vine

155 1806 405 1875 corporis
461 1824 532 1857 an
590 1808 792 1858 virtute
848 1807 1019 1858 animi
1077 1825 1164 1859 res
1226 1807 1482 1859 militaris
1539 1809 1722 1880 magis
1777 1828 1903 1878 pro-

155 1890 398 1941 cederet.
484 1889 637 1941 Nam
668 1900 720 1941 et
748 1890 903 1959 prius
933 1908 1103 1960 quam
1144 1891 1384 1960 incipias
1419 1893 1694 1952 consultO,
1728 1903 1781 1945 et
1807 1895 1901 1945 ubi

155 1972 506 2025 consulueris
539 1983 752 2024 mature
783 1973 930 2025 facto
953 1991 1095 2042 opus
1120 1984 1222 2025 est.
1283 1974 1366 2026 Ita
1391 1983 1690 2045 utrumque
1714 1995 1814 2045 per
1843 1996 1902 2029 se

153 2056 417 2126 indigens
450 2056 685 2107 alterum
718 2056 946 2108 alterius
985 2057 1197 2109 auxilio
1227 2067 1378 2128 eget.
1450 2073 1496 2110 2.
1539 2058 1718 2130 Igitur
1746 2060 1901 2113 initio

153 2156 563 2210 reges—nam
594 2139 650 2190 in
680 2139 839 2191 terris
870 2158 1076 2191 nomen
1117 2140 1317 2210 imperi
1349 2143 1404 2196 id
1437 2144 1678 2213 primum
1711 2144 1902 2196 fuit—

153 2222 361 2274 divorsi
401 2239 531 2291 pars
573 2222 889 2293 ingenium,
934 2223 1026 2274 alii
1067 2242 1272 2294 corpus
1310 2229 1686 2280 exercebant:
1731 2228 1897 2280 etiam

152 2315 268 2357 tum
321 2305 435 2357 vita
492 2305 784 2358 hominum
841 2306 963 2358 sine
1029 2309 1333 2377 cupiditate
1394 2311 1734 2382 agitabatur,
1794 2330 1897 2364 sua

153 2388 355 2458 cuique
404 2388 537 2440 satis
593 2389 913 2458 placebant.
999 2390 1204 2444 Postea
1258 2411 1392 2446 vero
1440 2412 1611 2464 quam
1656 2395 1713 2446 in
1758 2393 1899 2447 Asia

152 2470 361 2541 Cyrus,
394 2471 449 2522 in
485 2470 729 2523 Graecia
770 2472 1216 2527 Lacedaemonii
1258 2486 1311 2528 et
1353 2476 1732 2530 Athenienses
1774 2496 1899 2530 coe-

153 2571 285 2622 pere
328 2554 482 2605 urbis
527 2564 692 2625 atque
732 2557 987 2610 nationes
1033 2558 1320 2629 subigere,
1365 2561 1673 2612 lubidinem
1721 2561 1898 2613 domi-

153 2637 324 2689 nandi
379 2654 611 2689 causam
665 2639 798 2691 belli
866 2641 1097 2701 habere,
1159 2660 1487 2694 maxumam
1545 2644 1784 2714 gloriam
1841 2644 1896 2694 in

152 2736 421 2772 maxumo
464 2720 702 2790 imperio
748 2732 966 2792 putare,
1004 2733 1120 2775 tum
1164 2725 1394 2777 demum
1439 2727 1691 2794 periculo
1732 2736 1896 2796 atque

151 2803 392 2873 negotiis
433 2816 783 2874 compertum
828 2816 909 2857 est
950 2806 1006 2857 in
1047 2806 1197 2858 bello
1233 2808 1556 2876 plurumum
1601 2808 1894 2879 ingenium

152 2903 336 2954 posse.
439 2886 612 2954 Qod
667 2889 711 2939 si
780 2906 979 2959 regum
1038 2899 1203 2959 atque
1263 2890 1666 2959 imperatorum
1724 2892 1892 2942 animi

153 2968 322 3021 virtus
352 2969 409 3021 in
440 2988 582 3039 pace
613 2971 686 3022 ita
717 2982 774 3022 ut
802 2971 858 3022 in
887 2972 1036 3023 bello
1076 2973 1309 3033 valeret,
1344 2973 1698 3042 aequabilius
1730 2984 1894 3044 atque

150 3054 496 3105 constantius
541 3071 664 3106 sese
712 3071 802 3107 res
847 3055 1132 3106 humanae
1178 3056 1472 3116 haberent,
1512 3074 1694 3126 neque
1742 3058 1893 3110 aliud

1938 1499 1988 1529 Io

1938 1911 1982 1953 15

152 3136 260 3188 alio
315 3136 442 3189 ferri
500 3154 681 3208 neque
731 3137 932 3190 mutari
982 3155 1048 3190 ac
1098 3138 1319 3190 misceri
1367 3139 1557 3192 omnia
1607 3157 1888 3193 cerneres.
1922 3153 1976 3196 30
