<?xml version="1.0" encoding="UTF-8"?>
<!DOCTYPE html PUBLIC "-//W3C//DTD XHTML 1.0 Transitional//EN"
    "http://www.w3.org/TR/xhtml1/DTD/xhtml1-transitional.dtd">
<html xmlns="http://www.w3.org/1999/xhtml" xml:lang="en" lang="en">
 <head>
  <title>
</title>
<meta http-equiv="Content-Type" content="text/html;charset=utf-8" />
  <meta name='ocr-system' content='tesseract 3.04.00' />
  <meta name='ocr-capabilities' content='ocr_page ocr_carea ocr_par ocr_line ocrx_word'/>
</head>
<body>
  <div class='ocr_page' id='page_1' title='image "./gaisalusticrispix00sall_0024.png"; bbox 0 0 2155 3447; ppageno 0'>
   <div class='ocr_carea' id='block_1_1' title="bbox 258 74 1997 148">
    <p class='ocr_par' dir='ltr' id='par_1_1' title="bbox 258 74 1997 148">
     <span class='ocr_line' id='line_1_1' title="bbox 258 74 1997 148; baseline 0.002 -24"><span class='ocrx_word' id='word_1_1' title='bbox 258 75 291 127; x_wconf 85' lang='grc'>8</span> <span class='ocrx_word' id='word_1_2' title='bbox 645 74 701 127; x_wconf 88' lang='lat' dir='ltr'><em>T</em></span> <span class='ocrx_word' id='word_1_3' title='bbox 692 76 759 126; x_wconf 73' lang='grc' dir='ltr'><strong>[ιε</strong></span> <span class='ocrx_word' id='word_1_4' title='bbox 798 75 1152 146; x_wconf 74' lang='lat' dir='ltr'><strong>Conspiracy</strong></span> <span class='ocrx_word' id='word_1_5' title='bbox 1194 78 1271 145; x_wconf 73' lang='lat' dir='ltr'><strong>qf</strong></span> <span class='ocrx_word' id='word_1_6' title='bbox 1305 77 1572 130; x_wconf 77' lang='lat' dir='ltr'><strong>Catz‘lz&#39;ne.</strong></span> <span class='ocrx_word' id='word_1_7' title='bbox 1828 93 1997 148; x_wconf 64' lang='lat' dir='ltr'>[SALL</span> 
     </span>
    </p>
   </div>
   <div class='ocr_carea' id='block_1_2' title="bbox 171 239 2007 3238">
    <p class='ocr_par' dir='ltr' id='par_1_2' title="bbox 171 239 2007 3238">
     <span class='ocr_line' id='line_1_2' title="bbox 259 239 2005 311; baseline 0.001 -20"><span class='ocrx_word' id='word_1_8' title='bbox 259 240 637 310; x_wconf 80' lang='lat' dir='ltr'><strong>reliquerant:</strong></span> <span class='ocrx_word' id='word_1_9' title='bbox 680 239 917 308; x_wconf 80' lang='lat' dir='ltr'>proinde</span> <span class='ocrx_word' id='word_1_10' title='bbox 947 240 1108 310; x_wconf 90' lang='lat' dir='ltr'><strong>quasi</strong></span> <span class='ocrx_word' id='word_1_11' title='bbox 1151 240 1416 311; x_wconf 89' lang='lat' dir='ltr'><strong>injuriam</strong></span> <span class='ocrx_word' id='word_1_12' title='bbox 1458 239 1740 292; x_wconf 73' lang='lat' dir='ltr'><strong>facere‘id</strong></span> <span class='ocrx_word' id='word_1_13' title='bbox 1775 240 2005 292; x_wconf 90' lang='lat' dir='ltr'><strong>demum</strong></span> 
     </span>
     <span class='ocr_line' id='line_1_3' title="bbox 259 322 2004 392; baseline 0.001 -18"><span class='ocrx_word' id='word_1_14' title='bbox 259 334 404 374; x_wconf 89' lang='lat' dir='ltr'><strong>esset</strong></span> <span class='ocrx_word' id='word_1_15' title='bbox 444 323 681 391; x_wconf 90' lang='lat' dir='ltr'><strong>imperio</strong></span> <span class='ocrx_word' id='word_1_16' title='bbox 721 322 820 373; x_wconf 89' lang='lat' dir='ltr'><strong>uti.</strong></span> <span class='ocrx_word' id='word_1_17' title='bbox 903 337 969 374; x_wconf 87' lang='lat'><strong>13.</strong></span> <span class='ocrx_word' id='word_1_18' title='bbox 1020 323 1173 374; x_wconf 90' lang='lat' dir='ltr'><strong>Nam</strong></span> <span class='ocrx_word' id='word_1_19' title='bbox 1213 323 1347 392; x_wconf 92' lang='lat' dir='ltr'><strong>quid</strong></span> <span class='ocrx_word' id='word_1_20' title='bbox 1390 340 1456 374; x_wconf 91' lang='lat' dir='ltr'><strong>ea</strong></span> <span class='ocrx_word' id='word_1_21' title='bbox 1497 341 1826 382; x_wconf 82' lang='lat' dir='ltr'><strong>memorem,</strong></span> <span class='ocrx_word' id='word_1_22' title='bbox 1859 341 2004 392; x_wconf 90' lang='lat' dir='ltr'><strong>quae</strong></span> 
     </span>
     <span class='ocr_line' id='line_1_4' title="bbox 257 405 2005 475; baseline 0.001 -18"><span class='ocrx_word' id='word_1_23' title='bbox 257 406 363 458; x_wconf 92' lang='lat' dir='ltr'><strong>nisi</strong></span> <span class='ocrx_word' id='word_1_24' title='bbox 407 406 486 457; x_wconf 88' lang='lat' dir='ltr'><strong>eis</strong></span> <span class='ocrx_word' id='word_1_25' title='bbox 531 406 625 475; x_wconf 93' lang='lat' dir='ltr'><strong>qui</strong></span> <span class='ocrx_word' id='word_1_26' title='bbox 659 405 852 457; x_wconf 88' lang='lat' dir='ltr'><strong>videre</strong></span> <span class='ocrx_word' id='word_1_27' title='bbox 895 406 1106 458; x_wconf 90' lang='lat' dir='ltr'><strong>nemini</strong></span> <span class='ocrx_word' id='word_1_28' title='bbox 1158 406 1451 457; x_wconf 87' lang='lat' dir='ltr'><strong>credibilia</strong></span> <span class='ocrx_word' id='word_1_29' title='bbox 1507 415 1654 466; x_wconf 89' lang='lat' dir='ltr'><strong>sunt,</strong></span> <span class='ocrx_word' id='word_1_30' title='bbox 1702 423 1732 456; x_wconf 91' lang='lat' dir='ltr'><strong>a</strong></span> <span class='ocrx_word' id='word_1_31' title='bbox 1775 406 2005 474; x_wconf 87' lang='lat' dir='ltr'><strong>privatis</strong></span> 
     </span>
     <span class='ocr_line' id='line_1_5' title="bbox 257 488 2002 557; baseline 0.002 -17"><span class='ocrx_word' id='word_1_32' title='bbox 257 489 642 557; x_wconf 84' lang='lat' dir='ltr'><strong>compluribus</strong></span> <span class='ocrx_word' id='word_1_33' title='bbox 687 489 990 541; x_wconf 83' lang='lat' dir='ltr'>subvorsos</span> <span class='ocrx_word' id='word_1_34' title='bbox 1035 488 1258 547; x_wconf 90' lang='lat' dir='ltr'><strong>montis,</strong></span> <span class='ocrx_word' id='word_1_35' title='bbox 1307 489 1485 539; x_wconf 91' lang='lat' dir='ltr'><strong>maria</strong></span> <span class='ocrx_word' id='word_1_36' title='bbox 1527 498 1808 540; x_wconf 89' lang='lat' dir='ltr'><strong>constrata</strong></span> <span class='ocrx_word' id='word_1_37' title='bbox 1841 491 2002 544; x_wconf 86' lang='lat' dir='ltr'><strong>esse?</strong></span> 
     </span>
     <span class='ocr_line' id='line_1_6' title="bbox 173 570 2003 641; baseline 0.001 -19"><span class='ocrx_word' id='word_1_38' title='bbox 173 596 191 639; x_wconf 78' lang='lat'><em>3</em></span> <span class='ocrx_word' id='word_1_39' title='bbox 259 571 484 640; x_wconf 79' lang='lat' dir='ltr'><strong>Qibus</strong></span> <span class='ocrx_word' id='word_1_40' title='bbox 527 570 664 621; x_wconf 90' lang='lat' dir='ltr'><strong>mihi</strong></span> <span class='ocrx_word' id='word_1_41' title='bbox 693 571 954 623; x_wconf 87' lang='lat' dir='ltr'><strong>videntur</strong></span> <span class='ocrx_word' id='word_1_42' title='bbox 996 571 1240 624; x_wconf 92' lang='lat' dir='ltr'><strong>ludibrio</strong></span> <span class='ocrx_word' id='word_1_43' title='bbox 1271 571 1443 623; x_wconf 88' lang='lat' dir='ltr'><strong>fuisse</strong></span> <span class='ocrx_word' id='word_1_44' title='bbox 1488 571 1750 623; x_wconf 87' lang='lat' dir='ltr'><strong>divitiae:</strong></span> <span class='ocrx_word' id='word_1_45' title='bbox 1794 571 2003 641; x_wconf 78' lang='lat' dir='ltr'>quippe</span> 
     </span>
     <span class='ocr_line' id='line_1_7' title="bbox 257 655 2002 725; baseline 0 -19"><span class='ocrx_word' id='word_1_46' title='bbox 257 673 396 725; x_wconf 90' lang='lat' dir='ltr'><strong>quas</strong></span> <span class='ocrx_word' id='word_1_47' title='bbox 442 655 676 707; x_wconf 82' lang='lat' dir='ltr'>honeste</span> <span class='ocrx_word' id='word_1_48' title='bbox 723 655 934 707; x_wconf 88' lang='lat' dir='ltr'><strong>habere</strong></span> <span class='ocrx_word' id='word_1_49' title='bbox 984 655 1206 715; x_wconf 83' lang='lat' dir='ltr'>licebat,</span> <span class='ocrx_word' id='word_1_50' title='bbox 1258 655 1410 706; x_wconf 92' lang='lat' dir='ltr'><strong>abuti</strong></span> <span class='ocrx_word' id='word_1_51' title='bbox 1458 672 1558 723; x_wconf 91' lang='lat' dir='ltr'><strong>per</strong></span> <span class='ocrx_word' id='word_1_52' title='bbox 1600 655 2002 723; x_wconf 78' lang='lat' dir='ltr'><strong>turpitudinem</strong></span> 
     </span>
     <span class='ocr_line' id='line_1_8' title="bbox 258 739 2003 811; baseline -0.001 -18"><span class='ocrx_word' id='word_1_53' title='bbox 258 741 656 810; x_wconf 78' lang='lat' dir='ltr'><strong>properabant.</strong></span> <span class='ocrx_word' id='word_1_54' title='bbox 756 739 875 793; x_wconf 86' lang='lat' dir='ltr'><strong>Sed</strong></span> <span class='ocrx_word' id='word_1_55' title='bbox 928 741 1121 793; x_wconf 91' lang='lat' dir='ltr'><strong>lubido</strong></span> <span class='ocrx_word' id='word_1_56' title='bbox 1178 740 1374 810; x_wconf 91' lang='lat' dir='ltr'><strong>stupri,</strong></span> <span class='ocrx_word' id='word_1_57' title='bbox 1434 757 1656 811; x_wconf 81' lang='lat' dir='ltr'><strong>ganeae</strong></span> <span class='ocrx_word' id='word_1_58' title='bbox 1722 739 2003 810; x_wconf 86' lang='lat' dir='ltr'><strong>ceterique</strong></span> 
     </span>
     <span class='ocr_line' id='line_1_9' title="bbox 257 823 2000 892; baseline -0.001 -16"><span class='ocrx_word' id='word_1_59' title='bbox 257 826 439 876; x_wconf 92' lang='lat' dir='ltr'><strong>cultus</strong></span> <span class='ocrx_word' id='word_1_60' title='bbox 496 842 607 877; x_wconf 95' lang='lat' dir='ltr'><strong>non</strong></span> <span class='ocrx_word' id='word_1_61' title='bbox 676 823 860 876; x_wconf 91' lang='lat' dir='ltr'><strong>minor</strong></span> <span class='ocrx_word' id='word_1_62' title='bbox 914 824 1258 877; x_wconf 83' lang='lat' dir='ltr'><strong>incesserat:</strong></span> <span class='ocrx_word' id='word_1_63' title='bbox 1328 823 1431 875; x_wconf 87' lang='lat' dir='ltr'><strong>viri</strong></span> <span class='ocrx_word' id='word_1_64' title='bbox 1500 823 1797 875; x_wconf 91' lang='lat' dir='ltr'><strong>muliebria</strong></span> <span class='ocrx_word' id='word_1_65' title='bbox 1834 823 2000 892; x_wconf 88' lang='lat' dir='ltr'><strong>pati,</strong></span> 
     </span>
     <span class='ocr_line' id='line_1_10' title="bbox 255 907 2001 978; baseline -0.001 -18"><span class='ocrx_word' id='word_1_66' title='bbox 255 909 521 961; x_wconf 92' lang='lat' dir='ltr'><strong>mulieres</strong></span> <span class='ocrx_word' id='word_1_67' title='bbox 571 908 901 978; x_wconf 84' lang='lat' dir='ltr'><strong>pudicitiam</strong></span> <span class='ocrx_word' id='word_1_68' title='bbox 958 908 1011 959; x_wconf 91' lang='lat' dir='ltr'><strong>in</strong></span> <span class='ocrx_word' id='word_1_69' title='bbox 1069 908 1366 977; x_wconf 90' lang='lat' dir='ltr'><strong>propatulo</strong></span> <span class='ocrx_word' id='word_1_70' title='bbox 1424 908 1668 967; x_wconf 82' lang='lat' dir='ltr'><strong>habere3</strong></span> <span class='ocrx_word' id='word_1_71' title='bbox 1733 907 2001 959; x_wconf 86' lang='lat' dir='ltr'><strong>vescendi</strong></span> 
     </span>
     <span class='ocr_line' id='line_1_11' title="bbox 180 991 2004 1062; baseline -0.001 -19"><span class='ocrx_word' id='word_1_72' title='bbox 180 1013 228 1043; x_wconf 89' lang='lat'><strong>10</strong></span> <span class='ocrx_word' id='word_1_73' title='bbox 259 1010 432 1046; x_wconf 91' lang='lat' dir='ltr'><strong>causa</strong></span> <span class='ocrx_word' id='word_1_74' title='bbox 461 1002 609 1044; x_wconf 92' lang='lat' dir='ltr'><strong>terra</strong></span> <span class='ocrx_word' id='word_1_75' title='bbox 652 993 908 1062; x_wconf 91' lang='lat' dir='ltr'><strong>marique</strong></span> <span class='ocrx_word' id='word_1_76' title='bbox 951 993 1142 1045; x_wconf 91' lang='lat' dir='ltr'><strong>omnia</strong></span> <span class='ocrx_word' id='word_1_77' title='bbox 1185 992 1517 1062; x_wconf 82' lang='lat' dir='ltr'><strong>exquirere3</strong></span> <span class='ocrx_word' id='word_1_78' title='bbox 1562 991 1806 1043; x_wconf 90' lang='lat' dir='ltr'><strong>dormire</strong></span> <span class='ocrx_word' id='word_1_79' title='bbox 1850 991 2004 1060; x_wconf 88' lang='lat' dir='ltr'><strong>prins</strong></span> 
     </span>
     <span class='ocr_line' id='line_1_12' title="bbox 255 1075 2004 1147; baseline 0 -19"><span class='ocrx_word' id='word_1_80' title='bbox 255 1095 425 1147; x_wconf 92' lang='lat' dir='ltr'><strong>quam</strong></span> <span class='ocrx_word' id='word_1_81' title='bbox 456 1076 638 1129; x_wconf 89' lang='lat' dir='ltr'><strong>somni</strong></span> <span class='ocrx_word' id='word_1_82' title='bbox 670 1077 876 1146; x_wconf 93' lang='lat' dir='ltr'><strong>cupido</strong></span> <span class='ocrx_word' id='word_1_83' title='bbox 907 1087 1087 1136; x_wconf 82' lang='lat' dir='ltr'><strong>esset3</strong></span> <span class='ocrx_word' id='word_1_84' title='bbox 1128 1095 1241 1129; x_wconf 90' lang='lat' dir='ltr'><strong>non</strong></span> <span class='ocrx_word' id='word_1_85' title='bbox 1267 1076 1474 1127; x_wconf 89' lang='lat' dir='ltr'><strong>famem</strong></span> <span class='ocrx_word' id='word_1_86' title='bbox 1501 1085 1595 1127; x_wconf 93' lang='lat' dir='ltr'><strong>aut</strong></span> <span class='ocrx_word' id='word_1_87' title='bbox 1625 1075 1792 1134; x_wconf 92' lang='lat' dir='ltr'><strong>sitim,</strong></span> <span class='ocrx_word' id='word_1_88' title='bbox 1820 1093 2004 1146; x_wconf 91' lang='lat' dir='ltr'><strong>neque</strong></span> 
     </span>
     <span class='ocr_line' id='line_1_13' title="bbox 255 1159 2002 1232; baseline -0.001 -20"><span class='ocrx_word' id='word_1_89' title='bbox 255 1161 433 1232; x_wconf 87' lang='lat' dir='ltr'><strong>frigus</strong></span> <span class='ocrx_word' id='word_1_90' title='bbox 476 1178 659 1231; x_wconf 90' lang='lat' dir='ltr'><strong>neque</strong></span> <span class='ocrx_word' id='word_1_91' title='bbox 690 1161 1080 1213; x_wconf 90' lang='lat' dir='ltr'><strong>lassitudinem</strong></span> <span class='ocrx_word' id='word_1_92' title='bbox 1111 1160 1379 1230; x_wconf 89' lang='lat' dir='ltr'><strong>opperiri,</strong></span> <span class='ocrx_word' id='word_1_93' title='bbox 1413 1160 1512 1212; x_wconf 92' lang='lat' dir='ltr'><strong>sed</strong></span> <span class='ocrx_word' id='word_1_94' title='bbox 1544 1176 1609 1211; x_wconf 90' lang='lat' dir='ltr'><strong>ea</strong></span> <span class='ocrx_word' id='word_1_95' title='bbox 1639 1159 1830 1211; x_wconf 91' lang='lat' dir='ltr'><strong>omnia</strong></span> <span class='ocrx_word' id='word_1_96' title='bbox 1865 1159 2002 1211; x_wconf 83' lang='lat' dir='ltr'><strong>luxu</strong></span> 
     </span>
     <span class='ocr_line' id='line_1_14' title="bbox 256 1233 2004 1316; baseline -0.001 -20"><span class='ocrx_word' id='word_1_97' title='bbox 256 1255 614 1314; x_wconf 86' lang='lat' dir='ltr'><strong>antecapere.</strong></span> <span class='ocrx_word' id='word_1_98' title='bbox 702 1244 866 1297; x_wconf 85' lang='lat' dir='ltr'><strong>Haec</strong></span> <span class='ocrx_word' id='word_1_99' title='bbox 916 1244 1292 1316; x_wconf 85' lang='lat' dir='ltr'><strong>juventutem,</strong></span> <span class='ocrx_word' id='word_1_100' title='bbox 1350 1243 1445 1295; x_wconf 94' lang='lat' dir='ltr'><strong>ubi</strong></span> <span class='ocrx_word' id='word_1_101' title='bbox 1501 1233 1812 1294; x_wconf 85' lang='lat' dir='ltr'><strong>familiares</strong></span> <span class='ocrx_word' id='word_1_102' title='bbox 1866 1261 2004 1313; x_wconf 91' lang='lat' dir='ltr'><strong>opes</strong></span> 
     </span>
     <span class='ocr_line' id='line_1_15' title="bbox 255 1327 2003 1389; baseline -0.001 -9"><span class='ocrx_word' id='word_1_103' title='bbox 255 1328 600 1389; x_wconf 83' lang='lat' dir='ltr'><strong>defecerant,</strong></span> <span class='ocrx_word' id='word_1_104' title='bbox 636 1329 706 1380; x_wconf 95' lang='lat' dir='ltr'><strong>ad</strong></span> <span class='ocrx_word' id='word_1_105' title='bbox 737 1329 991 1380; x_wconf 90' lang='lat' dir='ltr'><strong>facinora</strong></span> <span class='ocrx_word' id='word_1_106' title='bbox 1030 1329 1446 1380; x_wconf 89' lang='lat' dir='ltr'><strong>incendebant:</strong></span> <span class='ocrx_word' id='word_1_107' title='bbox 1493 1327 1716 1379; x_wconf 92' lang='lat' dir='ltr'><strong>animus</strong></span> <span class='ocrx_word' id='word_1_108' title='bbox 1757 1327 2003 1379; x_wconf 90' lang='lat' dir='ltr'><strong>imbutus</strong></span> 
     </span>
     <span class='ocr_line' id='line_1_16' title="bbox 176 1413 2005 1482; baseline -0.001 -16"><span class='ocrx_word' id='word_1_109' title='bbox 176 1438 223 1482; x_wconf 87' lang='lat'><strong>15</strong></span> <span class='ocrx_word' id='word_1_110' title='bbox 256 1414 418 1466; x_wconf 91' lang='lat' dir='ltr'><strong>malis</strong></span> <span class='ocrx_word' id='word_1_111' title='bbox 450 1415 660 1466; x_wconf 90' lang='lat' dir='ltr'><strong>artibus</strong></span> <span class='ocrx_word' id='word_1_112' title='bbox 691 1415 844 1466; x_wconf 91' lang='lat' dir='ltr'><strong>haud</strong></span> <span class='ocrx_word' id='word_1_113' title='bbox 875 1414 1043 1466; x_wconf 86' lang='lat' dir='ltr'><strong>facile</strong></span> <span class='ocrx_word' id='word_1_114' title='bbox 1083 1414 1432 1465; x_wconf 90' lang='lat' dir='ltr'><strong>lubidinibus</strong></span> <span class='ocrx_word' id='word_1_115' title='bbox 1476 1413 1736 1465; x_wconf 85' lang='lat' dir='ltr'><strong>carebat:</strong></span> <span class='ocrx_word' id='word_1_116' title='bbox 1782 1430 1848 1465; x_wconf 94' lang='lat' dir='ltr'><strong>eo</strong></span> <span class='ocrx_word' id='word_1_117' title='bbox 1872 1432 2005 1482; x_wconf 92' lang='lat' dir='ltr'><strong>-pro-</strong></span> 
     </span>
     <span class='ocr_line' id='line_1_17' title="bbox 255 1495 2004 1567; baseline -0.001 -18"><span class='ocrx_word' id='word_1_118' title='bbox 255 1497 432 1550; x_wconf 91' lang='lat' dir='ltr'><strong>fusius</strong></span> <span class='ocrx_word' id='word_1_119' title='bbox 473 1498 734 1550; x_wconf 90' lang='lat' dir='ltr'><strong>omnibus</strong></span> <span class='ocrx_word' id='word_1_120' title='bbox 778 1498 959 1549; x_wconf 91' lang='lat' dir='ltr'><strong>modis</strong></span> <span class='ocrx_word' id='word_1_121' title='bbox 1002 1496 1259 1567; x_wconf 88' lang='lat' dir='ltr'><strong>quaestui</strong></span> <span class='ocrx_word' id='word_1_122' title='bbox 1297 1507 1462 1567; x_wconf 89' lang='lat' dir='ltr'><strong>atque</strong></span> <span class='ocrx_word' id='word_1_123' title='bbox 1505 1495 1751 1566; x_wconf 89' lang='lat' dir='ltr'><strong>sumptui</strong></span> <span class='ocrx_word' id='word_1_124' title='bbox 1782 1497 2004 1549; x_wconf 90' lang='lat' dir='ltr'><strong>deditus</strong></span> 
     </span>
     <span class='ocr_line' id='line_1_18' title="bbox 254 1590 391 1633; baseline -0.007 0"><span class='ocrx_word' id='word_1_125' title='bbox 254 1590 391 1633; x_wconf 88' lang='lat' dir='ltr'><strong>erat.</strong></span> 
     </span>
     <span class='ocr_line' id='line_1_19' title="bbox 326 1663 2005 1735; baseline 0 -19"><span class='ocrx_word' id='word_1_126' title='bbox 326 1680 393 1716; x_wconf 85' lang='grc'><strong>14.</strong></span> <span class='ocrx_word' id='word_1_127' title='bbox 434 1664 500 1717; x_wconf 91' lang='lat' dir='ltr'><strong>In</strong></span> <span class='ocrx_word' id='word_1_128' title='bbox 520 1674 676 1717; x_wconf 92' lang='lat' dir='ltr'><strong>tanta</strong></span> <span class='ocrx_word' id='word_1_129' title='bbox 698 1674 927 1735; x_wconf 89' lang='lat' dir='ltr'><strong>tamque</strong></span> <span class='ocrx_word' id='word_1_130' title='bbox 951 1675 1214 1733; x_wconf 89' lang='lat' dir='ltr'><strong>corrupta</strong></span> <span class='ocrx_word' id='word_1_131' title='bbox 1238 1664 1460 1716; x_wconf 86' lang='lat' dir='ltr'><strong>civitate</strong></span> <span class='ocrx_word' id='word_1_132' title='bbox 1481 1663 1748 1726; x_wconf 90' lang='lat' dir='ltr'><strong>Catilina,</strong></span> <span class='ocrx_word' id='word_1_133' title='bbox 1775 1664 1831 1717; x_wconf 93' lang='lat' dir='ltr'><strong>id</strong></span> <span class='ocrx_word' id='word_1_134' title='bbox 1854 1665 2005 1735; x_wconf 91' lang='lat' dir='ltr'><strong>quod</strong></span> 
     </span>
     <span class='ocr_line' id='line_1_20' title="bbox 255 1748 2005 1818; baseline -0.001 -18"><span class='ocrx_word' id='word_1_135' title='bbox 255 1749 405 1800; x_wconf 90' lang='lat' dir='ltr'><strong>factu</strong></span> <span class='ocrx_word' id='word_1_136' title='bbox 434 1749 790 1800; x_wconf 88' lang='lat' dir='ltr'><strong>facillumum</strong></span> <span class='ocrx_word' id='word_1_137' title='bbox 821 1758 960 1809; x_wconf 88' lang='lat' dir='ltr'><strong>erat,</strong></span> <span class='ocrx_word' id='word_1_138' title='bbox 995 1748 1248 1800; x_wconf 90' lang='lat' dir='ltr'><strong>omnium</strong></span> <span class='ocrx_word' id='word_1_139' title='bbox 1292 1748 1636 1818; x_wconf 85' lang='lat' dir='ltr'><strong>flagitiorum</strong></span> <span class='ocrx_word' id='word_1_140' title='bbox 1670 1758 1837 1818; x_wconf 90' lang='lat' dir='ltr'><strong>atque</strong></span> <span class='ocrx_word' id='word_1_141' title='bbox 1869 1748 2005 1800; x_wconf 89' lang='lat' dir='ltr'><strong>faci-</strong></span> 
     </span>
     <span class='ocr_line' id='line_1_21' title="bbox 171 1831 2006 1902; baseline 0 -18"><span class='ocrx_word' id='word_1_142' title='bbox 171 1855 226 1885; x_wconf 91' lang='lat'><strong>20</strong></span> <span class='ocrx_word' id='word_1_143' title='bbox 255 1851 454 1884; x_wconf 91' lang='lat' dir='ltr'><strong>norum</strong></span> <span class='ocrx_word' id='word_1_144' title='bbox 486 1832 699 1884; x_wconf 91' lang='lat' dir='ltr'><strong>circum</strong></span> <span class='ocrx_word' id='word_1_145' title='bbox 732 1850 790 1884; x_wconf 93' lang='lat' dir='ltr'><strong>se</strong></span> <span class='ocrx_word' id='word_1_146' title='bbox 831 1842 1123 1902; x_wconf 87' lang='lat' dir='ltr'><strong>tamquam</strong></span> <span class='ocrx_word' id='word_1_147' title='bbox 1166 1831 1498 1900; x_wconf 88' lang='lat' dir='ltr'><strong>stipatorum</strong></span> <span class='ocrx_word' id='word_1_148' title='bbox 1538 1841 1793 1883; x_wconf 87' lang='lat' dir='ltr'><strong>catervas</strong></span> <span class='ocrx_word' id='word_1_149' title='bbox 1816 1832 2006 1885; x_wconf 63' lang='lat' dir='ltr'><strong>,habe—</strong></span> 
     </span>
     <span class='ocr_line' id='line_1_22' title="bbox 254 1917 2003 1988; baseline -0.001 -18"><span class='ocrx_word' id='word_1_150' title='bbox 254 1918 367 1970; x_wconf 91' lang='lat' dir='ltr'><strong>bat.</strong></span> <span class='ocrx_word' id='word_1_151' title='bbox 451 1917 605 1969; x_wconf 91' lang='lat' dir='ltr'><strong>Nam</strong></span> <span class='ocrx_word' id='word_1_152' title='bbox 636 1918 979 1988; x_wconf 89' lang='lat' dir='ltr'><strong>quicumque</strong></span> <span class='ocrx_word' id='word_1_153' title='bbox 1010 1917 1332 1986; x_wconf 91' lang='lat' dir='ltr'><strong>impudicus</strong></span> <span class='ocrx_word' id='word_1_154' title='bbox 1362 1917 1582 1969; x_wconf 90' lang='lat' dir='ltr'><strong>adulter</strong></span> <span class='ocrx_word' id='word_1_155' title='bbox 1611 1934 1799 1988; x_wconf 89' lang='lat' dir='ltr'><strong>ganeo</strong></span> <span class='ocrx_word' id='word_1_156' title='bbox 1829 1935 2003 1969; x_wconf 91' lang='lat' dir='ltr'><strong>manu</strong></span> 
     </span>
     <span class='ocr_line' id='line_1_23' title="bbox 253 2000 2004 2070; baseline 0 -17"><span class='ocrx_word' id='word_1_157' title='bbox 253 2011 447 2053; x_wconf 86' lang='lat' dir='ltr'><strong>ventre</strong></span> <span class='ocrx_word' id='word_1_158' title='bbox 501 2002 650 2052; x_wconf 90' lang='lat' dir='ltr'><strong>bona</strong></span> <span class='ocrx_word' id='word_1_159' title='bbox 700 2001 881 2070; x_wconf 90' lang='lat' dir='ltr'><strong>patria</strong></span> <span class='ocrx_word' id='word_1_160' title='bbox 926 2002 1300 2061; x_wconf 86' lang='lat' dir='ltr'><strong>laceraverat,</strong></span> <span class='ocrx_word' id='word_1_161' title='bbox 1348 2000 1557 2070; x_wconf 91' lang='lat' dir='ltr'><strong>quique</strong></span> <span class='ocrx_word' id='word_1_162' title='bbox 1603 2001 1849 2052; x_wconf 92' lang='lat' dir='ltr'><strong>alienum</strong></span> <span class='ocrx_word' id='word_1_163' title='bbox 1908 2019 2004 2053; x_wconf 91' lang='lat' dir='ltr'><strong>aes</strong></span> 
     </span>
     <span class='ocr_line' id='line_1_24' title="bbox 255 2083 2000 2156; baseline 0 -20"><span class='ocrx_word' id='word_1_164' title='bbox 255 2086 474 2156; x_wconf 83' lang='lat' dir='ltr'><strong>grande</strong></span> <span class='ocrx_word' id='word_1_165' title='bbox 503 2085 851 2137; x_wconf 83' lang='lat' dir='ltr'><strong>conflaverat</strong></span> <span class='ocrx_word' id='word_1_166' title='bbox 880 2103 990 2155; x_wconf 95' lang='lat' dir='ltr'><strong>quo</strong></span> <span class='ocrx_word' id='word_1_167' title='bbox 1012 2084 1294 2155; x_wconf 89' lang='lat' dir='ltr'><strong>flagitium</strong></span> <span class='ocrx_word' id='word_1_168' title='bbox 1319 2093 1415 2135; x_wconf 92' lang='lat' dir='ltr'><strong>aut</strong></span> <span class='ocrx_word' id='word_1_169' title='bbox 1436 2083 1657 2136; x_wconf 91' lang='lat' dir='ltr'><strong>facinus</strong></span> <span class='ocrx_word' id='word_1_170' title='bbox 1680 2085 2000 2146; x_wconf 87' lang='lat' dir='ltr'><strong>redimeret,</strong></span> 
     </span>
     <span class='ocr_line' id='line_1_25' title="bbox 255 2167 2003 2239; baseline -0.001 -20"><span class='ocrx_word' id='word_1_171' title='bbox 255 2179 548 2237; x_wconf 90' lang='lat' dir='ltr'><strong>praeterea</strong></span> <span class='ocrx_word' id='word_1_172' title='bbox 574 2186 775 2220; x_wconf 88' lang='lat' dir='ltr'><strong>omnes</strong></span> <span class='ocrx_word' id='word_1_173' title='bbox 803 2168 1054 2239; x_wconf 88' lang='lat' dir='ltr'><strong>undique</strong></span> <span class='ocrx_word' id='word_1_174' title='bbox 1079 2167 1418 2236; x_wconf 91' lang='lat' dir='ltr'><strong>parricidae,</strong></span> <span class='ocrx_word' id='word_1_175' title='bbox 1448 2167 1735 2238; x_wconf 83' lang='lat' dir='ltr'><strong>sacrilegi,</strong></span> <span class='ocrx_word' id='word_1_176' title='bbox 1763 2168 2003 2220; x_wconf 91' lang='lat' dir='ltr'><strong>convicti</strong></span> 
     </span>
     <span class='ocr_line' id='line_1_26' title="bbox 172 2250 2004 2323; baseline 0.001 -21"><span class='ocrx_word' id='word_1_177' title='bbox 172 2279 224 2321; x_wconf 81' lang='lat'><strong>25</strong></span> <span class='ocrx_word' id='word_1_178' title='bbox 253 2251 476 2323; x_wconf 88' lang='lat' dir='ltr'><strong>judiciis</strong></span> <span class='ocrx_word' id='word_1_179' title='bbox 518 2261 613 2302; x_wconf 90' lang='lat' dir='ltr'><strong>aut</strong></span> <span class='ocrx_word' id='word_1_180' title='bbox 650 2269 751 2320; x_wconf 91' lang='lat' dir='ltr'><strong>pro</strong></span> <span class='ocrx_word' id='word_1_181' title='bbox 781 2251 944 2303; x_wconf 92' lang='lat' dir='ltr'><strong>factis</strong></span> <span class='ocrx_word' id='word_1_182' title='bbox 982 2250 1265 2322; x_wconf 85' lang='lat' dir='ltr'><strong>judicium</strong></span> <span class='ocrx_word' id='word_1_183' title='bbox 1294 2250 1575 2311; x_wconf 83' lang='lat' dir='ltr'><strong>timenteS,</strong></span> <span class='ocrx_word' id='word_1_184' title='bbox 1623 2251 1694 2302; x_wconf 93' lang='lat' dir='ltr'><strong>ad</strong></span> <span class='ocrx_word' id='word_1_185' title='bbox 1725 2251 1834 2302; x_wconf 90' lang='lat' dir='ltr'><strong>hoc</strong></span> <span class='ocrx_word' id='word_1_186' title='bbox 1862 2270 2004 2321; x_wconf 94' lang='lat' dir='ltr'><strong>quos</strong></span> 
     </span>
     <span class='ocr_line' id='line_1_27' title="bbox 256 2334 2006 2405; baseline 0.001 -20"><span class='ocrx_word' id='word_1_187' title='bbox 256 2353 456 2387; x_wconf 93' lang='lat' dir='ltr'><strong>manus</strong></span> <span class='ocrx_word' id='word_1_188' title='bbox 508 2344 673 2404; x_wconf 91' lang='lat' dir='ltr'><strong>atque</strong></span> <span class='ocrx_word' id='word_1_189' title='bbox 712 2335 911 2405; x_wconf 90' lang='lat' dir='ltr'><strong>lingua</strong></span> <span class='ocrx_word' id='word_1_190' title='bbox 946 2334 1191 2405; x_wconf 88' lang='lat' dir='ltr'><strong>perjurio</strong></span> <span class='ocrx_word' id='word_1_191' title='bbox 1239 2343 1334 2386; x_wconf 92' lang='lat' dir='ltr'><strong>aut</strong></span> <span class='ocrx_word' id='word_1_192' title='bbox 1378 2334 1660 2405; x_wconf 89' lang='lat' dir='ltr'><strong>sanguine</strong></span> <span class='ocrx_word' id='word_1_193' title='bbox 1700 2334 1850 2386; x_wconf 89' lang='lat' dir='ltr'><strong>civili</strong></span> <span class='ocrx_word' id='word_1_194' title='bbox 1890 2335 2006 2386; x_wconf 95' lang='lat' dir='ltr'><strong>ale-</strong></span> 
     </span>
     <span class='ocr_line' id='line_1_28' title="bbox 253 2417 2003 2489; baseline 0 -19"><span class='ocrx_word' id='word_1_195' title='bbox 253 2419 369 2478; x_wconf 89' lang='lat' dir='ltr'><strong>bat,</strong></span> <span class='ocrx_word' id='word_1_196' title='bbox 402 2428 684 2487; x_wconf 87' lang='lat' dir='ltr'><strong>postremo</strong></span> <span class='ocrx_word' id='word_1_197' title='bbox 719 2436 916 2470; x_wconf 89' lang='lat' dir='ltr'><strong>omnes</strong></span> <span class='ocrx_word' id='word_1_198' title='bbox 945 2436 1086 2487; x_wconf 92' lang='lat' dir='ltr'><strong>quos</strong></span> <span class='ocrx_word' id='word_1_199' title='bbox 1126 2417 1427 2489; x_wconf 88' lang='lat' dir='ltr'><strong>flagitium,</strong></span> <span class='ocrx_word' id='word_1_200' title='bbox 1461 2428 1707 2488; x_wconf 85' lang='lat' dir='ltr'><strong>egestaS,</strong></span> <span class='ocrx_word' id='word_1_201' title='bbox 1743 2419 2003 2470; x_wconf 90' lang='lat' dir='ltr'><strong>conscius</strong></span> 
     </span>
     <span class='ocr_line' id='line_1_29' title="bbox 255 2501 2003 2572; baseline -0.001 -19"><span class='ocrx_word' id='word_1_202' title='bbox 255 2502 479 2554; x_wconf 87' lang='lat' dir='ltr'><strong>animus</strong></span> <span class='ocrx_word' id='word_1_203' title='bbox 509 2502 857 2572; x_wconf 77' lang='lat' dir='ltr'><strong>exagitabat,</strong></span> <span class='ocrx_word' id='word_1_204' title='bbox 893 2502 942 2552; x_wconf 91' lang='lat' dir='ltr'><strong>ei</strong></span> <span class='ocrx_word' id='word_1_205' title='bbox 973 2501 1256 2553; x_wconf 86' lang='lat' dir='ltr'><strong>Catilinae</strong></span> <span class='ocrx_word' id='word_1_206' title='bbox 1287 2502 1550 2570; x_wconf 75' lang='lat' dir='ltr'><strong>proxumi</strong></span> <span class='ocrx_word' id='word_1_207' title='bbox 1581 2501 2003 2572; x_wconf 87' lang='lat' dir='ltr'><strong>familiaresque</strong></span> 
     </span>
     <span class='ocr_line' id='line_1_30' title="bbox 256 2584 2002 2655; baseline -0.002 -17"><span class='ocrx_word' id='word_1_208' title='bbox 256 2595 432 2638; x_wconf 91' lang='lat' dir='ltr'><strong>erant.</strong></span> <span class='ocrx_word' id='word_1_209' title='bbox 483 2584 655 2652; x_wconf 77' lang='lat' dir='ltr'><strong>Qod</strong></span> <span class='ocrx_word' id='word_1_210' title='bbox 684 2585 730 2636; x_wconf 92' lang='lat' dir='ltr'><strong>si</strong></span> <span class='ocrx_word' id='word_1_211' title='bbox 760 2585 884 2655; x_wconf 91' lang='lat' dir='ltr'><strong>quis</strong></span> <span class='ocrx_word' id='word_1_212' title='bbox 915 2585 1083 2636; x_wconf 90' lang='lat' dir='ltr'><strong>etiam</strong></span> <span class='ocrx_word' id='word_1_213' title='bbox 1115 2603 1145 2636; x_wconf 91' lang='lat' dir='ltr'><strong>a</strong></span> <span class='ocrx_word' id='word_1_214' title='bbox 1177 2586 1345 2654; x_wconf 93' lang='lat' dir='ltr'><strong>culpa</strong></span> <span class='ocrx_word' id='word_1_215' title='bbox 1368 2603 1582 2636; x_wconf 81' lang='lat' dir='ltr'><strong>vacuus</strong></span> <span class='ocrx_word' id='word_1_216' title='bbox 1612 2585 1666 2636; x_wconf 92' lang='lat' dir='ltr'><strong>in</strong></span> <span class='ocrx_word' id='word_1_217' title='bbox 1699 2585 2002 2636; x_wconf 91' lang='lat' dir='ltr'><strong>amicitiam</strong></span> 
     </span>
     <span class='ocr_line' id='line_1_31' title="bbox 174 2668 2005 2741; baseline -0.002 -19"><span class='ocrx_word' id='word_1_218' title='bbox 174 2693 224 2732; x_wconf 76' lang='lat'><strong>30</strong></span> <span class='ocrx_word' id='word_1_219' title='bbox 256 2669 375 2741; x_wconf 91' lang='lat' dir='ltr'><strong>ejus</strong></span> <span class='ocrx_word' id='word_1_220' title='bbox 405 2669 699 2728; x_wconf 90' lang='lat' dir='ltr'><strong>inciderat,</strong></span> <span class='ocrx_word' id='word_1_221' title='bbox 729 2669 1011 2720; x_wconf 88' lang='lat' dir='ltr'><strong>cotidiano</strong></span> <span class='ocrx_word' id='word_1_222' title='bbox 1041 2687 1145 2720; x_wconf 86' lang='lat' dir='ltr'><strong>usu</strong></span> <span class='ocrx_word' id='word_1_223' title='bbox 1177 2678 1343 2738; x_wconf 90' lang='lat' dir='ltr'><strong>atque</strong></span> <span class='ocrx_word' id='word_1_224' title='bbox 1366 2668 1665 2720; x_wconf 89' lang='lat' dir='ltr'><strong>inlecebris</strong></span> <span class='ocrx_word' id='word_1_225' title='bbox 1707 2668 1873 2720; x_wconf 89' lang='lat' dir='ltr'><strong>facile</strong></span> <span class='ocrx_word' id='word_1_226' title='bbox 1903 2687 2005 2737; x_wconf 90' lang='lat' dir='ltr'><strong>par</strong></span> 
     </span>
     <span class='ocr_line' id='line_1_32' title="bbox 256 2751 2007 2823; baseline -0.001 -18"><span class='ocrx_word' id='word_1_227' title='bbox 256 2753 567 2823; x_wconf 88' lang='lat' dir='ltr'><strong>similisque</strong></span> <span class='ocrx_word' id='word_1_228' title='bbox 613 2752 811 2804; x_wconf 89' lang='lat' dir='ltr'><strong>ceteris</strong></span> <span class='ocrx_word' id='word_1_229' title='bbox 857 2752 1218 2803; x_wconf 85' lang='lat' dir='ltr'><strong>efficiebatur.</strong></span> <span class='ocrx_word' id='word_1_230' title='bbox 1301 2751 1416 2804; x_wconf 84' lang='lat' dir='ltr'><strong>Sed</strong></span> <span class='ocrx_word' id='word_1_231' title='bbox 1467 2770 1733 2803; x_wconf 78' lang='lat' dir='ltr'><strong>maxume</strong></span> <span class='ocrx_word' id='word_1_232' title='bbox 1783 2753 2007 2804; x_wconf 86' lang='lat' dir='ltr'><strong>adules-</strong></span> 
     </span>
     <span class='ocr_line' id='line_1_33' title="bbox 257 2835 2004 2904; baseline -0.001 -16"><span class='ocrx_word' id='word_1_233' title='bbox 257 2837 502 2888; x_wconf 90' lang='lat' dir='ltr'><strong>centium</strong></span> <span class='ocrx_word' id='word_1_234' title='bbox 545 2835 956 2887; x_wconf 88' lang='lat' dir='ltr'><strong>familiaritates</strong></span> <span class='ocrx_word' id='word_1_235' title='bbox 986 2837 1322 2904; x_wconf 86' lang='lat' dir='ltr'><strong>appetebat:</strong></span> <span class='ocrx_word' id='word_1_236' title='bbox 1374 2854 1571 2887; x_wconf 87' lang='lat' dir='ltr'><strong>eorum</strong></span> <span class='ocrx_word' id='word_1_237' title='bbox 1601 2835 1775 2886; x_wconf 90' lang='lat' dir='ltr'><strong>animi</strong></span> <span class='ocrx_word' id='word_1_238' title='bbox 1806 2835 2004 2887; x_wconf 87' lang='lat' dir='ltr'><strong>molles</strong></span> 
     </span>
     <span class='ocr_line' id='line_1_34' title="bbox 263 2906 2002 2991; baseline -0.001 -20"><span class='ocrx_word' id='word_1_239' title='bbox 263 2919 503 2991; x_wconf 89' lang='lat' dir='ltr'><strong>[aetate]</strong></span> <span class='ocrx_word' id='word_1_240' title='bbox 531 2929 584 2971; x_wconf 90' lang='lat' dir='ltr'><strong>et</strong></span> <span class='ocrx_word' id='word_1_241' title='bbox 602 2918 740 2970; x_wconf 89' lang='lat' dir='ltr'><strong>fluxi</strong></span> <span class='ocrx_word' id='word_1_242' title='bbox 765 2919 906 2970; x_wconf 89' lang='lat' dir='ltr'><strong>dolis</strong></span> <span class='ocrx_word' id='word_1_243' title='bbox 926 2919 1078 2970; x_wconf 90' lang='lat' dir='ltr'><strong>haud</strong></span> <span class='ocrx_word' id='word_1_244' title='bbox 1100 2919 1399 2970; x_wconf 88' lang='lat' dir='ltr'><strong>difficulter</strong></span> <span class='ocrx_word' id='word_1_245' title='bbox 1423 2906 1810 2987; x_wconf 89' lang='lat' dir='ltr'><strong>capiebantur.</strong></span> <span class='ocrx_word' id='word_1_246' title='bbox 1849 2918 2002 2970; x_wconf 93' lang='lat' dir='ltr'><strong>Nam</strong></span> 
     </span>
     <span class='ocr_line' id='line_1_35' title="bbox 256 3001 2003 3074; baseline 0 -21"><span class='ocrx_word' id='word_1_247' title='bbox 256 3011 315 3053; x_wconf 91' lang='lat' dir='ltr'><strong>ut</strong></span> <span class='ocrx_word' id='word_1_248' title='bbox 358 3003 630 3074; x_wconf 90' lang='lat' dir='ltr'><strong>cujusque</strong></span> <span class='ocrx_word' id='word_1_249' title='bbox 680 3002 924 3053; x_wconf 89' lang='lat' dir='ltr'><strong>studium</strong></span> <span class='ocrx_word' id='word_1_250' title='bbox 973 3020 1043 3053; x_wconf 88' lang='lat' dir='ltr'><strong>ex</strong></span> <span class='ocrx_word' id='word_1_251' title='bbox 1090 3011 1269 3053; x_wconf 91' lang='lat' dir='ltr'><strong>aetate</strong></span> <span class='ocrx_word' id='word_1_252' title='bbox 1313 3001 1615 3072; x_wconf 84' lang='lat' dir='ltr'><strong>flagrabat,</strong></span> <span class='ocrx_word' id='word_1_253' title='bbox 1655 3001 1777 3053; x_wconf 88' lang='lat' dir='ltr'><strong>aliis</strong></span> <span class='ocrx_word' id='word_1_254' title='bbox 1821 3011 2003 3053; x_wconf 91' lang='lat' dir='ltr'><strong>scorta</strong></span> 
     </span>
     <span class='ocr_line' id='line_1_36' title="bbox 176 3083 2003 3154; baseline -0.001 -17"><span class='ocrx_word' id='word_1_255' title='bbox 176 3102 227 3145; x_wconf 86' lang='lat'><strong>35</strong></span> <span class='ocrx_word' id='word_1_256' title='bbox 258 3087 551 3154; x_wconf 88' lang='lat' dir='ltr'><strong>praebere,</strong></span> <span class='ocrx_word' id='word_1_257' title='bbox 606 3086 729 3137; x_wconf 89' lang='lat' dir='ltr'><strong>aliis</strong></span> <span class='ocrx_word' id='word_1_258' title='bbox 779 3085 935 3136; x_wconf 91' lang='lat' dir='ltr'><strong>canis</strong></span> <span class='ocrx_word' id='word_1_259' title='bbox 987 3094 1150 3154; x_wconf 88' lang='lat' dir='ltr'><strong>atque</strong></span> <span class='ocrx_word' id='word_1_260' title='bbox 1200 3102 1374 3154; x_wconf 89' lang='lat' dir='ltr'><strong>equos</strong></span> <span class='ocrx_word' id='word_1_261' title='bbox 1416 3083 1677 3145; x_wconf 90' lang='lat' dir='ltr'><strong>mercari,</strong></span> <span class='ocrx_word' id='word_1_262' title='bbox 1722 3093 2003 3153; x_wconf 91' lang='lat' dir='ltr'><strong>postremo</strong></span> 
     </span>
     <span class='ocr_line' id='line_1_37' title="bbox 258 3167 2003 3238; baseline 0 -19"><span class='ocrx_word' id='word_1_263' title='bbox 258 3186 440 3238; x_wconf 90' lang='lat' dir='ltr'><strong>neque</strong></span> <span class='ocrx_word' id='word_1_264' title='bbox 485 3169 728 3236; x_wconf 87' lang='lat' dir='ltr'><strong>sumptui</strong></span> <span class='ocrx_word' id='word_1_265' title='bbox 780 3187 961 3237; x_wconf 84' lang='lat' dir='ltr'><strong>neque</strong></span> <span class='ocrx_word' id='word_1_266' title='bbox 1009 3168 1315 3218; x_wconf 85' lang='lat' dir='ltr'><strong>modestiae</strong></span> <span class='ocrx_word' id='word_1_267' title='bbox 1373 3185 1506 3218; x_wconf 89' lang='lat' dir='ltr'><strong>suae</strong></span> <span class='ocrx_word' id='word_1_268' title='bbox 1563 3185 1818 3235; x_wconf 89' lang='lat' dir='ltr'><strong>parcere,</strong></span> <span class='ocrx_word' id='word_1_269' title='bbox 1870 3167 2003 3219; x_wconf 90' lang='lat' dir='ltr'><strong>dum</strong></span> 
     </span>
    </p>
   </div>
  </div>
 </body>
</html>
