2155 3447
194 79 257 116 12
619 64 734 114 1726
771 63 1124 134 Conspz'racy
1165 66 1242 134 of
1276 64 1543 116 Catilina.
1762 77 1933 134 [SALL.

189 228 382 276 incerta
425 243 521 291 pro
568 227 718 273 certis
762 235 1044 289 captarem.
1119 225 1224 274 Sed
1268 227 1389 289 quia
1431 228 1607 274 multis
1646 234 1696 275 et
1735 228 1936 290 magnis

187 302 580 367 tempestatibus
616 318 707 348 vos
744 302 963 364 cognovi
1003 302 1145 348 fortis
1172 302 1405 364 fidosque
1446 303 1592 359 mihi,
1632 319 1692 350 eo
1731 305 1935 350 animus

188 396 341 426 ausus
377 387 452 426 est
489 394 791 424 maxumum
835 384 987 439 atque
1024 377 1417 439 pulcerrumum
1455 377 1654 425 facinus
1692 380 1933 442 incipere,

188 455 340 502 simul
367 455 489 518 quia
513 453 662 499 vobis
688 453 871 499 eadem
898 469 1030 515 quae
1060 452 1187 498 mihi
1216 452 1353 498 bona
1383 453 1624 516 malaque
1651 470 1760 501 esse
1789 455 1933 501 intel-

110 553 127 586 ς
187 531 306 577 lexi.
379 530 520 576 Nam
559 529 696 575 idem
733 528 866 575 velle
905 535 1058 591 atque
1086 528 1224 574 idem
1261 527 1413 586 nolle,
1441 545 1503 575 ea
1539 530 1749 576 demum
1788 529 1934 576 firma

108 591 122 598 ⁶
188 605 417 652 amicitia
443 611 531 650 est.

268 684 300 707 “
322 678 427 727 Sed
466 696 565 742 ego
599 695 732 742 quae
767 686 939 727 mente
983 679 1193 742 agitavi‚
1222 696 1404 727 omnes
1435 680 1545 743 jam
1573 688 1721 728 antea
1748 681 1936 727 divorsi

189 756 416 802 audistis.
489 753 734 802 Ceterum
775 756 905 802 mihi
933 755 985 801 in
1023 755 1131 801 dies
1171 757 1339 818 magis
1377 757 1582 802 animus
1620 756 1936 813 adcenditur,

188 848 306 877 cum
343 831 614 878 considero
655 847 787 893 quae
826 831 1056 876 conditio
1094 831 1229 878 vitae
1274 832 1444 877 futura
1483 833 1563 886 sit,
1603 832 1700 877 nisi
1740 839 1941 877 nosmet

111 927 162 957 10
189 907 285 969 ipsi
312 907 638 953 vindicamus
674 907 725 951 in
752 905 1062 952 libertatem.
1135 906 1277 953 Nam
1315 915 1592 969 postquam
1626 923 1705 953 res
1733 906 1939 969 publica

189 983 239 1028 in
266 998 551 1044 paucorum
578 982 868 1044 potentium
901 981 985 1044 jus
1023 988 1176 1044 atque
1216 982 1475 1028 dicionem
1515 983 1784 1039 concessit,
1813 998 1940 1028 sem-

187 1073 280 1121 per
322 1058 425 1104 illis
466 1070 613 1119 reges
650 1057 935 1103 tetrarchae
984 1057 1267 1119 vectigales
1310 1074 1438 1113 esse,
1477 1058 1659 1121 populi
1709 1058 1942 1104 nationes

188 1134 443 1196 stipendia
502 1132 761 1196 pendere3
820 1133 976 1179 ceteri
1028 1149 1229 1191 omnes,
1292 1135 1503 1191 strenui,
1552 1134 1690 1192 boni,
1745 1132 1942 1179 nobiles

188 1216 339 1271 atque
378 1208 651 1270 ignobiles,
677 1208 864 1270 volgus
899 1209 1094 1256 fuimus
1126 1210 1236 1256 sine
1274 1210 1460 1271 gratia,
1487 1211 1595 1257 sine
1623 1210 1938 1267 auctoritate,

113 1299 158 1341 15
188 1284 261 1331 eis
284 1283 514 1341 obnoxii,
536 1283 743 1347 quibus,
767 1284 807 1330 si
830 1300 910 1331 res
936 1284 1148 1347 publica
1172 1285 1384 1342 valeret,
1408 1285 1673 1332 formidini
1695 1300 1940 1332 essemus.

188 1360 368 1422 Itaque
417 1360 587 1406 omnis
635 1360 819 1421 gratia,
871 1361 1121 1422 potentia,
1169 1361 1351 1418 honos,
1397 1361 1608 1408 divitiae
1647 1361 1788 1424 apud
1827 1360 1942 1406 illos

190 1443 306 1482 sunt
331 1442 417 1481 aut
452 1434 539 1481 ubi
579 1435 651 1480 illi
680 1434 891 1490 volunt;
932 1435 1082 1482 nobis
1121 1436 1376 1499 reliquere
1414 1437 1663 1499 pericula,
1691 1434 1942 1499 repulsas,

182 1511 396 1575 judicia,
449 1517 750 1573 egestatem.
825 1509 976 1572 (Quae
1026 1527 1130 1573 quo
1181 1528 1343 1574 usque
1393 1512 1603 1558 tandem
1653 1510 1944 1574 patiemini,

188 1584 471 1633 fortissumi
497 1586 629 1633 viri?
701 1585 892 1632 Nonne
920 1588 1083 1633 emori
1119 1603 1214 1650 per
1238 1589 1483 1634 virtutem
1515 1595 1757 1650 praestat,
1785 1601 1937 1650 quam

106 1673 160 1702 20
186 1662 346 1709 vitam
392 1662 636 1708 miseram
678 1669 831 1724 atque
882 1662 1231 1720 inhonestam,
1284 1663 1371 1709 ubi
1422 1664 1622 1710 alienae
1672 1661 1945 1726 superbiae

189 1736 413 1785 ludibrio
439 1737 614 1795 fueris,
643 1753 736 1801 per
762 1738 988 1785 dedecus
1015 1739 1286 1786 amittere?

275 1817 306 1840 “
326 1812 528 1860 Verum
556 1814 841 1871 enimvero,
864 1830 959 1877 pro
987 1814 1141 1861 deum
1171 1822 1323 1877 atque
1352 1815 1623 1861 hominum
1651 1814 1825 1871 fidem,
1843 1817 1945 1860 vic·

190 1890 320 1937 toria
348 1889 399 1935 in
428 1905 585 1936 manu
624 1887 774 1936 nobis
812 1897 918 1945 est3
957 1890 1098 1952 viget
1134 1899 1291 1946 aetas,
1332 1892 1535 1937 animus
1560 1891 1726 1937 valet:
1768 1896 1944 1937 contra

191 1966 311 2022 illis,
330 1966 479 2012 annis
497 1972 649 2028 atque
667 1966 879 2022 divitiis,
902 1966 1080 2012 omnia
1098 1974 1494 2013 consenuerunt.
1540 1967 1767 2012 Tantum
1790 1966 1944 2014 modo

113 2057 163 2100 25
192 2041 399 2104 incepto
442 2057 575 2104 opus
619 2048 711 2099 est,
757 2049 927 2088 cetera
960 2058 1039 2089 res
1080 2043 1333 2105 expediet.
1405 2043 1616 2090 Etenim
1657 2042 1772 2104 quis
1814 2056 1948 2088 mor—

192 2117 391 2173 talium,
420 2117 502 2163 cui
540 2117 688 2164 virile
724 2117 993 2180 ingenium
1026 2125 1119 2175 est,
1156 2118 1373 2164 tolerare
1404 2125 1573 2181 potest
1607 2118 1707 2164 illis
1741 2115 1946 2164 divitias

193 2208 454 2256 superare,
481 2191 611 2256 quas
636 2193 955 2256 profundant
994 2195 1046 2240 in
1084 2194 1403 2240 extrudendo
1444 2194 1571 2240 mari
1599 2200 1648 2240 et
1685 2191 1946 2238 montibus

193 2269 561 2331 coaequandis,
612 2268 762 2316 nobis
812 2285 921 2316 rem
972 2269 1282 2315 familiarem
1334 2270 1490 2315 etiam
1539 2269 1603 2315 ad
1658 2267 1944 2315 necessaria

194 2345 406 2393 de'e'sse?
450 2345 565 2392 illos
608 2344 758 2393 binas
804 2353 891 2392 aut
941 2346 1167 2409 amplius
1212 2345 1394 2391 domos
1441 2345 1757 2401 continuare,
1797 2342 1946 2389 nobis

115 2430 170 2474 30
195 2420 356 2467 larem
404 2421 717 2468 familiarem
769 2438 1028 2485 nusquam
1090 2421 1254 2468 ullum
1305 2420 1448 2467 esse?
1536 2417 1671 2468 Cum
1721 2418 1943 2475 tabulas,

196 2497 361 2560 signa,
389 2504 675 2544 toreumata
715 2506 909 2556 emunt,
940 2514 1072 2545 nova
1112 2498 1340 2552 diruunt,
1377 2497 1475 2543 alia
1517 2495 1804 2552 aedificant,
1832 2510 1946 2557 pos-

195 2581 359 2621 tremo
402 2573 645 2621 omnibus
695 2575 864 2621 modis
914 2575 1192 2637 pecuniam
1240 2574 1465 2630 trahunt,
1521 2578 1724 2628 vexant,
1774 2577 1948 2617 tamen

197 2666 401 2698 summa
438 2649 669 2698 lubidine
709 2651 914 2697 divitias
953 2666 1070 2697 suas
1096 2651 1302 2697 vincere
1346 2656 1618 2713 nequeunt.
1656 2643 1657 2647 ¹
1691 2646 1765 2693 At
1801 2645 1948 2692 nobis

196 2734 273 2773 est
308 2726 448 2773 domi
494 2726 689 2788 inopia,
728 2725 852 2772 foris
892 2741 978 2772 aes
1017 2726 1276 2781 alienum;
1321 2726 1458 2772 mala
1495 2740 1591 2781 res,
1633 2738 1750 2785 spes
1790 2721 1949 2767 multo

113 2829 164 2874 35
198 2803 459 2865 asperior:
500 2802 740 2865 denique,
779 2802 904 2864 quid
942 2801 1125 2863 reliqui
1169 2800 1422 2851 habemus
1462 2808 1665 2864 praeter
1705 2797 1949 2845 miseram

198 2877 428 2924 animam
458 2878 476 2924 ?

267 2951 461 3016 “Quin
498 2953 652 3015 igitur
685 2951 1141 3014 expergiscimini!
1212 2951 1295 2998 En
1337 2952 1441 3009 illa,
1471 2952 1577 3009 illa,
1613 2965 1771 3014 quam
1798 2964 1950 3010 saepe

198 3029 432 3092 optastis,
460 3027 687 3085 libertas,
724 3035 988 3090 praeterea
1029 3027 1256 3082 divitiae,
1287 3027 1460 3083 decus,
1488 3027 1652 3089 gloria
1697 3026 1748 3072 in
1787 3024 1952 3071 oculis

200 3105 295 3151 sita
322 3111 468 3150 sunt:
507 3104 708 3149 fortuna
736 3103 911 3149 omnia
938 3119 997 3147 ea
1023 3101 1305 3148 victoribus
1330 3103 1563 3164 praemia
1589 3103 1778 3164 posuit.
1825 3100 1952 3158 ReS,

120 3193 177 3235 40
200 3186 423 3243 tempus,
475 3179 725 3243 pericula,
777 3188 994 3240 eges-tas,
1047 3177 1168 3224 belli
1221 3178 1386 3240 spolia
1437 3176 1733 3239 magnifica,
1787 3175 1952 3236 magis
