2155 3447
234 88 304 142 34
627 67 684 118 T
674 67 744 118 lte
781 66 1135 136 Conspiracy
1177 66 1254 132 os
1288 64 1558 116 Catilinae.
1806 78 1977 137 [ΒΑΜ.

230 236 393 300 possit
435 233 670 290 audacia,
714 229 804 278 ubi
853 229 919 277 ad
969 229 1356 277 defendundum
1401 245 1528 292 opes
1571 230 1798 277 minores
1841 236 1975 277 sunt.

230 311 405 375 Quare
431 324 622 357 vanum
659 306 901 370 equidem
939 304 1037 351 hoc
1076 305 1350 351 consilium
1390 312 1481 362 est,
1510 305 1550 351 si
1588 306 1877 368 periculum
1916 322 1979 352 ex

229 388 329 435 illis
358 386 568 441 metuit3
610 384 688 430 sin
717 383 767 428 in
795 387 937 427 tanto
964 380 1200 427 omnium
1232 387 1369 427 metu
1410 381 1547 427 solus
1585 398 1687 427 non
1725 381 1889 437 timet,
1918 397 1978 427 eo

229 463 395 524 magis
421 461 571 508 refert
598 475 679 504 me
709 457 836 503 mihi
865 463 1017 519 atque
1043 454 1192 502 vobis
1217 456 1416 502 timere.
1479 455 1655 518 Quare
1682 473 1800 502 cum
1830 457 1891 503 de
1918 456 1976 502 P.

141 552 164 597 5
227 537 449 584 Lentulo
487 535 772 596 ceterisque
813 532 1060 586 statuetis,
1101 547 1194 593 pro
1232 539 1371 577 certo
1411 531 1666 589 habetote,
1692 548 1784 577 vos
1823 532 1976 577 simul

226 614 287 659 de
325 613 550 659 exercitu
585 608 844 658 Catilinae
883 614 933 654 et
970 607 1032 654 de
1073 606 1314 653 omnibus
1363 608 1642 670 conjuratis
1680 608 1975 653 decernere.

225 687 434 751 (Quanto
459 703 551 734 vos
589 686 830 732 attentius
866 700 926 729 ea
955 683 1134 745 agetis,
1162 689 1303 728 tanto
1342 683 1444 728 illis
1482 684 1686 728 animus
1725 683 1978 728 infirmior

224 765 347 810 erit:
388 764 427 810 si
467 762 742 826 paululum
782 760 937 806 modo
976 774 1068 805 vos
1112 758 1358 820 languere
1391 759 1631 816 viderint,
1657 758 1766 821 jam
1798 774 1979 804 omnes

222 840 416 886 feroces
454 839 685 886 aderunt.

143 925 194 956 10
291 920 321 942 “
340 915 516 961 Nolite
537 914 849 961 existumare
868 911 1090 974 majores
1111 916 1311 957 nostros
1325 910 1483 956 armis
1504 926 1611 956 rem
1630 912 1897 973 publicam
1915 932 1978 961 ex

223 1007 381 1053 parva
405 1005 648 1052 magnam
674 989 874 1035 fecisse.
928 986 982 1034 Si
1012 988 1079 1033 ita
1103 1002 1182 1032 res
1199 994 1346 1042 esset,
1371 986 1533 1032 inulto
1554 983 1976 1049 pulcherrumam

223 1083 336 1112 eam
365 1082 456 1112 nos
483 1065 823 1118 haberemus;
864 1064 1063 1126 quippe
1103 1063 1363 1108 sociorum
1404 1070 1556 1125 atque
1594 1064 1804 1124 civium,
1833 1082 1977 1129 prae-

222 1150 358 1188 terea
386 1157 647 1188 armorum
677 1148 830 1203 atque
859 1155 1113 1201 equorum
1143 1138 1307 1201 major
1333 1138 1486 1200 copia
1512 1137 1662 1185 nobis
1688 1157 1846 1202 quam
1874 1142 1976 1189 illis

221 1226 311 1265 est.
387 1216 491 1265 Sed
514 1217 630 1281 ‘alia
667 1217 826 1272 fuere,
855 1231 988 1277 quae
1029 1214 1145 1260 illos
1184 1229 1402 1275 magnos
1440 1213 1622 1272 fecere,
1653 1232 1786 1278 quae
1825 1217 1972 1264 nobis

141 1298 189 1342 15
223 1294 360 1340 nulla
388 1300 532 1340 sunt:
573 1293 711 1339 domi
743 1291 1013 1348 industria,
1041 1290 1166 1337 foris
1185 1289 1382 1352 justum
1411 1290 1723 1351 imperium3
1764 1293 1971 1340 animus

222 1369 273 1415 in
311 1368 630 1415 consulundo
668 1366 814 1425 liber,
844 1383 1011 1429 neque
1040 1365 1229 1412 delicto
1257 1382 1423 1427 neque
1451 1364 1672 1412 lubidini
1700 1367 1973 1415 obnoxius.

221 1445 320 1490 Pro
359 1445 436 1490 his
474 1460 565 1490 nos
604 1442 855 1489 habemus
906 1442 1165 1488 luxuriam
1218 1448 1369 1504 atque
1409 1442 1711 1499 avaritiam3
1763 1443 1974 1506 publice

220 1527 517 1582 egestatem,
556 1519 797 1581 privatim
837 1517 1192 1580 opulentiam3
1236 1517 1510 1563 laudamus
1547 1518 1771 1576 divitias,
1809 1521 1975 1582 sequi-

221 1612 336 1642 mur
385 1595 653 1651 inertiam3
706 1594 836 1640 inter
885 1592 1049 1639 bonos
1101 1600 1150 1639 et
1194 1593 1359 1639 malos
1408 1594 1687 1640 discrimen
1738 1596 1972 1653 nullum;

135 1687 191 1718 20
220 1672 392 1717 omnia
429 1670 629 1717 virtutis
667 1669 900 1732 praemia
940 1667 1157 1714 ambitio
1195 1669 1440 1731 possidet.
1525 1669 1711 1732 Neque
1751 1672 1971 1717 mirum:

220 1747 304 1793 ubi
332 1763 423 1793 vos
449 1746 727 1809 separatim
767 1744 862 1791 sibi
904 1746 1122 1807 quisque
1159 1745 1433 1791 consilium
1473 1747 1675 1807 capitis,
1704 1745 1790 1792 ubi
1830 1747 1971 1792 domi

220 1821 585 1885 Voluptatibus,
615 1822 696 1866 hic
723 1824 977 1883 pecuniae
1008 1828 1094 1866 aut
1119 1821 1314 1881 gratiae
1353 1821 1570 1878 servitis,
1598 1838 1659 1867 eo
1688 1821 1758 1879 fit,
1786 1829 1841 1867 ut
1878 1823 1970 1868 im-

220 1906 367 1961 petus
393 1897 481 1944 fiat
506 1898 557 1943 in
584 1911 803 1942 vacuam
831 1912 940 1942 rem
970 1895 1255 1958 publicam.

287 1977 318 2001 “
335 1972 438 2021 Sed
463 1989 558 2035 ego
586 1973 712 2018 haec
739 1972 938 2018 omitto,
993 1970 1343 2035 Conjuravere
1373 1972 1697 2019 nobilissumi
1723 1974 1861 2020 cives
1886 1990 1972 2035 pa-

135 2069 189 2115 25
219 2051 369 2098 triam
416 2049 706 2104 incendere,
748 2047 1022 2095 Gallorum
1068 2056 1276 2110 gentem
1324 2049 1734 2095 infestissumam
1777 2050 1970 2095 nomini

220 2126 464 2172 Romano
504 2125 568 2171 ad
608 2124 802 2171 bellum
847 2132 1136 2181 accersunt,
1176 2125 1279 2171 dux
1321 2125 1546 2171 hostium
1586 2141 1705 2171 cum
1747 2125 1971 2171 exercitu

221 2219 374 2265 supra
413 2208 572 2264 caput
609 2208 714 2247 est:
765 2216 857 2247 vos
896 2201 1213 2247 cunctamini
1265 2201 1422 2247 etiam
1473 2218 1626 2258 nunc,
1665 2201 1793 2264 quid
1842 2201 1972 2247 intra

220 2279 423 2325 moenia
451 2277 787 2340 deprehensis
815 2276 1050 2323 hostibus
1088 2277 1322 2323 faciatis?
1394 2277 1755 2323 Misereamini
1785 2292 1972 2323 censeo

216 2354 559 2416 —deliquere
588 2353 829 2399 homines
857 2353 1229 2400 adulescentuli
1258 2369 1351 2416 per
1377 2351 1715 2399 ambitionem
1736 2360 1970 2414 —atque

132 2444 188 2487 30
217 2431 372 2477 etiam
400 2436 624 2475 armatos
650 2429 937 2475 dimittatis.
984 2429 1066 2476 Ne
1096 2430 1190 2475 ista
1211 2428 1358 2475 vobis
1386 2429 1727 2474 mansuetudo
1745 2435 1796 2474 et
1823 2429 1972 2474 mise-

217 2506 456 2562 ricordia,
484 2505 524 2551 si
564 2505 636 2550 illi
677 2520 822 2551 arma
847 2506 1095 2568 ceperint,
1126 2506 1176 2551 in
1213 2505 1478 2551 miseriam
1505 2511 1786 2550 convortet.
1863 2501 1972 2550 Sci-

217 2582 336 2628 licet
361 2597 440 2627 res
478 2581 592 2643 ipsa
629 2597 812 2643 aspera
852 2589 942 2638 est,
973 2582 1061 2628 sed
1087 2597 1180 2628 vos
1218 2598 1320 2627 non
1359 2581 1553 2627 timetis
1592 2596 1726 2626 eam.
1801 2579 1971 2625 Immo

215 2673 337 2704 vero
364 2673 639 2703 maxume:
680 2657 769 2703 sed
805 2657 986 2704 inertia
1013 2665 1064 2704 et
1101 2657 1320 2703 mollitia
1348 2657 1508 2702 animi
1537 2653 1669 2702 alius
1698 2655 1859 2702 alium
1888 2672 1971 2701 ex-

217 2741 507 2796 spectantes
550 2734 885 2791 cunctamini,
912 2735 1156 2781 videlicet
1193 2735 1303 2781 deis
1347 2731 1727 2779 immortalibus
1773 2731 1969 2788 confisi,

133 2817 185 2861 35
216 2810 303 2872 qui
331 2810 464 2855 hanc
492 2825 599 2855 rem
630 2809 898 2872 publicam
934 2826 1089 2873 saepe
1129 2811 1179 2856 in
1220 2810 1479 2856 maxumis
1518 2808 1766 2871 periculis
1804 2823 1969 2853 serva-

215 2902 350 2933 vere.
450 2885 572 2932 Non
620 2887 753 2933 votis
813 2903 979 2949 neque
1041 2887 1314 2949 suppliciis
1375 2882 1715 2931 muliebribus
1776 2882 1968 2928 auxilia

218 2962 430 3008 deorum
459 2969 734 3025 parantur:
762 2963 1045 3024 vigilando,
1074 2962 1298 3023 agundo,
1319 2960 1451 3007 bene
1479 2959 1799 3007 consulundo
1826 2975 1968 3021 pros-

218 3054 338 3100 pere
365 3039 543 3085 omnia
569 3039 787 3084 cedunt:
828 3037 915 3084 ubi
955 3038 1222 3084 socordiae
1259 3045 1307 3084 te
1346 3044 1497 3099 atque
1537 3035 1775 3097 ignaviae
1814 3034 1968 3081 tradi-

217 3115 368 3172 deris,
391 3115 709 3177 nequiquam
730 3114 854 3161 deos
876 3113 1125 3176 implores
1146 3128 1155 3169 ;
1185 3113 1298 3159 irati
1322 3112 1597 3175 infestique
1620 3117 1753 3158 sunt.
1804 3108 1965 3172 Apud

128 3205 186 3249 40
218 3192 437 3254 majores
474 3198 673 3237 nostros
710 3189 773 3235 T.
802 3188 1034 3236 Manlius
1070 3188 1366 3251 Torquatus
1402 3186 1540 3235 bello
1568 3185 1774 3235 Gallico
1801 3184 1965 3233 filium
