2155 3447
234 104 352 146 CAT.
382 88 469 156 51.]
507 85 741 138 Coesczr's
772 84 1022 155 Specclc:
1066 84 1398 135 ffi'storz‘cal
1419 83 1753 154 Escamples.
1906 101 1966 151 31

231 249 681 311 crudelis—quid
718 250 855 295 enim
897 249 949 295 in
985 248 1102 295 talis
1139 248 1376 294 homines
1404 247 1609 294 crudele
1637 247 1745 293 fieri
1774 249 1973 310 potest?

228 325 398 371 —sed
426 325 592 370 aliena
620 341 648 369 a
675 340 727 370 re
752 323 962 385 publica
990 329 1163 368 nostra
1188 322 1405 368 videtur.
1463 322 1605 368 Nam
1632 322 1862 385 profecto
1890 330 1976 369 aut

230 407 396 446 metus
433 407 519 445 aut
556 399 739 461 injuria
777 406 824 444 te
862 397 1080 459 subegit,
1110 395 1304 453 Silane,
1333 398 1599 443 consulem
1626 397 1971 460 designatum,

229 491 390 537 genus
415 490 615 536 poenae
638 489 826 519 novom
854 473 1144 519 decernere.
1208 472 1287 518 De
1315 473 1499 519 timore
1527 489 1968 535 supervacaneum

228 556 304 595 est
328 551 593 605 disserere,
623 565 739 594 cum
766 548 1088 610 praesertim,
1119 548 1386 609 diligentia
1413 548 1702 594 clarissumi
1729 549 1824 594 viri
1853 565 1971 595 con·
1999 572 2019 615 5

229 625 370 681 sulis,
397 631 536 669 tanta
562 623 821 685 praesidia
850 623 950 668 sint
975 623 1026 667 in
1055 623 1227 668 armis.
1287 622 1368 668 De
1394 639 1563 684 poena
1589 638 1803 685 possum
1828 624 1970 685 equi-

228 699 345 744 dem
384 698 706 744 dicere—-id
743 699 883 759 quod
921 714 1000 743 res
1037 697 1344 743 habet—in
1382 698 1520 744 luctu
1559 706 1710 762 atque
1751 698 1972 744 miseriis

229 782 447 819 mortem
487 789 851 819 aerumnarum
901 773 1152 834 requiem,
1192 789 1294 818 non
1333 773 1621 819 cruciatum
1656 789 1798 828 esse;
1854 789 1972 819 eam

226 856 408 895 cuncta
437 849 730 894 mortalium
761 848 898 893 mala
926 848 1202 894 dissolvere
1225 864 1234 903 3
1271 848 1406 894 ultra
1431 865 1597 910 neque
1627 865 1779 896 curae
1806 866 1972 911 neque

224 925 416 986 gaudio
443 924 614 969 locum
643 940 769 969 esse.
845 922 967 979 Sed,
992 939 1086 985 per
1112 924 1235 969 deos
1273 923 1599 981 immortalis,
1629 924 1971 986 quamobrem
2001 943 2046 972 10

227 1000 275 1044 in
305 1000 553 1045 sententia
582 1015 684 1044 non
711 999 972 1054 addidisti,
1002 999 1071 1044 uti
1112 999 1254 1060 prius
1289 997 1592 1046 verberibus
1614 999 1667 1046 in
1693 1016 1781 1046 eos
1807 1001 1969 1046 anim-

225 1073 609 1120 advorteretur‘?
678 1072 767 1118 An
804 1073 925 1134 quia
963 1073 1045 1118 lex
1082 1073 1266 1119 Porcia
1302 1075 1472 1120 vetat?
1550 1073 1627 1120 At
1664 1075 1794 1120 aliae
1832 1076 1972 1136 leges

225 1149 347 1195 item
386 1149 743 1195 condemnatis
781 1148 979 1194 civibus
1017 1165 1118 1194 non
1157 1149 1388 1194 animam
1427 1149 1575 1211 eripi,
1605 1149 1694 1196 sed
1731 1151 1971 1196 exsilium

224 1224 450 1286 permitti
483 1223 681 1285 jubent.
754 1222 843 1268 An
880 1224 1001 1284 quia
1038 1224 1246 1285 gravius
1284 1231 1359 1270 est
1393 1223 1651 1270 verberari
1690 1241 1847 1286 quam
1887 1243 1971 1271 ne-

224 1299 362 1345 cari?
433 1298 576 1360 Quid
605 1305 775 1344 autem
805 1297 1046 1344 acerbum
1075 1305 1161 1344 aut
1186 1299 1341 1344 nimis
1366 1315 1522 1360 grave
1550 1307 1626 1345 est
1651 1300 1703 1345 in
1730 1300 1968 1346 homines
2001 1312 2046 1354 15

223 1375 347 1420 tanti
374 1374 616 1420 facinoris
642 1374 938 1419 convictos?
1013 1371 1106 1419 Sin
1133 1374 1254 1435 quia
1293 1374 1455 1419 levius
1482 1382 1572 1430 est,
1600 1375 1687 1437 qui
1726 1376 1968 1422 convenit

223 1451 275 1495 in
303 1451 500 1495 minore
528 1449 736 1510 negotio
772 1449 941 1510 legem
969 1449 1168 1505 timere,
1197 1465 1315 1494 cum
1343 1466 1458 1495 eam
1497 1450 1548 1495 in
1577 1451 1768 1509 majore
1798 1451 1966 1513 negle-

222 1526 390 1586 geris?
1258 1579 1262 1583 .

291 1604 322 1625 ‘⁶
340 1599 413 1645 At
430 1600 567 1645 enim
590 1600 705 1661 quis
727 1599 1084 1661 reprehendet,
1104 1600 1242 1661 quod
1261 1600 1312 1644 in
1333 1601 1619 1662 parricidas
1638 1601 1709 1646 rei
1730 1600 1970 1664 publicae

223 1675 484 1720 decretum
524 1675 651 1720 erit?
724 1675 976 1736 TempuS,
1006 1675 1133 1729 dies,
1162 1675 1381 1730 fortuna,
1411 1676 1554 1737 cujus
1592 1675 1770 1723 lubido
1807 1678 1969 1738 genti-
1997 1698 2050 1727 20

223 1749 317 1795 bus
367 1750 676 1796 moderatur.
774 1750 884 1795 Illis
933 1750 1116 1795 merito
1157 1751 1370 1806 accidet,
1417 1751 1665 1813 quicquid
1709 1753 1965 1808 evenerit3

222 1833 446 1871 ceterum
488 1841 595 1882 vos,
622 1832 795 1887 patres
832 1825 1128 1887 conscripti,
1159 1826 1282 1887 quid
1322 1826 1372 1871 in
1412 1827 1539 1872 alios
1578 1828 1811 1874 statuatis
1848 1845 1967 1874 con-

222 1901 456 1947 siderate.
531 1899 725 1946 Omnia
759 1901 894 1946 mala
932 1901 1172 1962 exempla
1210 1918 1273 1946 ex
1310 1900 1463 1947 rebus
1501 1901 1649 1948 bonis
1687 1910 1797 1948 orta
1836 1912 1965 1950 sunt.

223 1974 432 2022 Scilicet
457 1975 544 2021 ubi
574 1976 853 2038 imperium
882 1976 946 2022 ad
975 1976 1182 2037 ignaros
1209 1984 1296 2022 aut
1323 1978 1429 2022 min
1442 1994 1499 2022 us
1525 1977 1691 2024 bonos
1718 1980 1967 2040 pervenit,

222 2067 407 2096 novom
443 2051 569 2097 illud
597 2051 897 2112 exemplum
936 2050 999 2096 ab
1038 2052 1209 2113 dignis
1246 2059 1296 2098 et
1333 2053 1532 2098 idoneis
1558 2053 1623 2099 ad
1650 2054 1891 2116 indignos
1918 2062 1968 2101 et
1998 2068 2047 2111 25

222 2143 320 2171 non
359 2127 572 2172 idoneos
608 2126 923 2172 transfertur.
999 2126 1403 2173 Lacedaemonii
1444 2128 1656 2174 devictis
1681 2127 1967 2176 Athenien-

220 2201 359 2254 sibus
400 2202 607 2263 triginta
651 2202 789 2247 viros
833 2194 1146 2264 imposuere,
1191 2203 1279 2265 qui
1318 2219 1426 2249 rem
1470 2203 1736 2266 publicam
1784 2222 1965 2252 eorum

219 2283 507 2322 tractarent.
580 2276 645 2322 Ei
674 2277 843 2338 primo
871 2293 1087 2339 coepere
1113 2294 1417 2340 pessumum
1445 2296 1703 2341 quemque
1730 2287 1779 2326 et
1804 2281 1966 2326 omni-

220 2350 313 2397 bus
362 2352 584 2398 invisum
635 2352 993 2398 indemnatum
1043 2369 1257 2409 necarc;
1309 2370 1369 2400 ea
1412 2355 1636 2417 populus
1688 2355 1864 2401 laetari
1916 2363 1965 2402 et

221 2428 402 2472 merito
428 2427 599 2473 dicere
628 2427 733 2473 fieri
757 2445 766 2473 :
806 2434 940 2490 post,
968 2426 1056 2474 ubi
1091 2429 1346 2490 paulatim
1375 2430 1581 2476 licentia
1611 2432 1785 2488 crevit,
1818 2431 1963 2493 juxta
1995 2441 2050 2482 30

220 2500 380 2548 bonos
405 2509 454 2548 et
480 2502 644 2549 malos
669 2501 963 2549 lubidinose
1000 2503 1302 2561 interficere,
1332 2512 1527 2551 ceteros
1565 2513 1705 2551 metu
1742 2514 1962 2563 terrere3

219 2577 287 2622 ita
314 2577 509 2631 civitaS,
538 2578 778 2624 servitute
804 2594 1071 2641 oppressa,
1102 2579 1282 2625 stultae
1322 2580 1544 2626 laetitiae
1571 2582 1744 2642 gravis
1770 2598 1965 2644 poenas

219 2652 374 2698 dedit.
446 2651 637 2699 Nostra
677 2654 932 2700 memoria
956 2655 1121 2700 victor
1147 2653 1312 2711 Sulla,
1341 2672 1458 2701 cum
1488 2654 1878 2719 Damasippum
1916 2664 1965 2703 et

219 2727 346 2773 alios
382 2727 489 2790 ejus
528 2729 687 2785 modi,
723 2729 812 2791 qui
852 2730 990 2775 malo
1028 2730 1100 2776 rei
1139 2729 1380 2793 publicae
1419 2738 1701 2788 creverant,
1734 2732 1960 2794 jugulari

215 2802 379 2864 jussit,
407 2803 521 2865 quis
547 2820 649 2850 non
686 2804 881 2851 factum
919 2805 1027 2868 ejus
1064 2805 1340 2852 laudabat?
1378 2807 1615 2852 homines
1650 2807 1890 2853 scelestos
1916 2815 1966 2854 et
1996 2812 2046 2853 35

219 2877 473 2936 factiosos,
500 2880 587 2941 qui
628 2880 967 2928 seditionibus
1001 2897 1110 2928 rem
1137 2881 1403 2944 publicam
1430 2883 1831 2944 exagitaverant,
1861 2899 1964 2929 me-

219 2953 314 2999 rito
342 2962 548 3002 necatos
574 2955 796 3002 aiebant.
860 2954 965 3003 Sed
992 2973 1052 3003 ea
1077 2973 1156 3004 res
1185 2974 1403 3019 magnae
1432 2958 1635 3004 initium
1664 2958 1825 3005 cladis
1850 2959 1960 3005 fuit.

218 3028 356 3075 Nam
405 3031 478 3077 uti
523 3031 743 3093 quisque
784 3031 999 3078 domum
1050 3042 1137 3079 aut
1182 3033 1380 3089 villam,
1425 3041 1688 3095 postremo
1736 3050 1828 3080 vas
1877 3041 1964 3081 aut

218 3105 581 3152 vestimentum
620 3106 834 3168 alicujus
873 3109 1256 3169 concupiverat,
1285 3107 1441 3155 dabat
1476 3124 1708 3170 operam,
1740 3117 1794 3155 ut
1832 3109 1872 3156 is
1910 3110 1960 3155 in

220 3182 623 3245 proscriptorum
676 3197 889 3228 numero
939 3190 1086 3229 esset.
1159 3183 1235 3229 Ita
1286 3183 1376 3237 illi,
1415 3183 1601 3248 quibus
1645 3183 1956 3249 Damasippi
1992 3199 2046 3242 40
