2155 3447
215 111 332 151 CAT.
369 107 458 164 57.]
723 91 837 143 Hz's
877 90 1064 141 Force
1105 96 1166 140 at
1203 67 1462 139 Foeschce.
1885 100 1948 154 37

211 258 367 308 locus
410 255 564 326 quod
604 254 937 305 Tullianum
994 251 1329 320 appellatur,
1376 250 1469 301 ubi
1519 251 1811 318 paululum
1868 268 1954 302 as-

214 338 470 390 cenderis
526 338 598 389 ad
653 338 899 396 laevam,
946 334 1165 386 circiter
1214 333 1512 384 duodecim
1568 333 1741 401 ped-es
1797 333 1951 384 humi

213 422 534 490 depressus.
620 420 766 471 Eum
798 417 1056 470 muniunt
1096 416 1344 485 undique
1383 415 1623 484 parietes
1666 424 1830 484 atque
1872 415 1954 465 in-

212 522 379 573 super
420 521 647 555 camera
690 502 928 571 lapideis
970 500 1275 553 fornicibus
1313 498 1527 569 juncta,
1573 498 1670 550 sed
1714 497 1949 559 incultU,

211 588 477 648 tenebris,
511 588 705 646 odore,
746 586 912 637 foeda
956 594 1121 654 atque
1163 582 1423 634 terribilis
1467 582 1586 654 ejus
1629 581 1820 632 facies.
1847 592 1946 633 est.

214 672 278 722 In
320 689 448 722 eum
491 671 678 721 locum
723 679 1020 739 postquam
1063 668 1340 720 demissus
1383 677 1464 719 est
1499 665 1798 726 LentulUS,
1833 665 1954 717 vin-

212 755 364 805 dices
394 772 581 805 rerum
613 752 940 820 capitalium
971 753 1174 822 quibus
1205 760 1570 821 praeceptum
1601 761 1719 803 erat
1749 751 1950 821 laqueo

209 838 404 907 gulam
446 837 681 906 fregere.
766 836 849 887 Ita
887 836 981 887 ille
1023 835 1290 904 patricius
1319 853 1391 887 ex
1421 844 1588 906 gente
1618 835 1952 886 clarissuma

210 919 628 980 Corneliorum,
662 919 756 989 qui
800 919 1098 971 consulare
1139 919 1442 988 imperium
1473 919 1697 970 Romae
1740 919 1952 972 habue-

208 1012 313 1063 rat,
347 1003 584 1073 dignum
629 1003 876 1055 moribus
918 1002 1192 1072 factisque
1238 1002 1353 1054 suis
1398 1002 1630 1054 exitium
1675 1002 1821 1054 vitae
1871 1003 1953 1054 in-

208 1086 377 1137 venit.
429 1085 517 1136 De
541 1085 822 1156 Cetheg0‚
849 1085 1090 1146 Statilio,
1118 1085 1388 1147 Gabinio,
1420 1084 1724 1155 Caepario,
1752 1087 1952 1139 eodem

210 1170 376 1220 modo
409 1169 749 1237 supplicium
780 1178 1068 1236 sumptum
1098 1178 1200 1220 est.

281 1271 354 1307 56.
427 1257 578 1308 Dum
635 1275 700 1308 ea
750 1257 974 1308 Romae
1029 1266 1324 1327 geruntur,
1372 1256 1620 1310 Catilina
1675 1277 1747 1310 ex
1800 1259 1953 1311 omni

209 1341 372 1408 copia
414 1359 584 1410 quam
636 1350 688 1392 et
742 1341 862 1408 ipse
906 1340 1221 1392 adduxerat
1263 1350 1314 1392 et
1356 1340 1611 1394 Manlius
1654 1343 1949 1403 habuerat,

209 1424 348 1475 duas
394 1424 649 1493 legiones
693 1423 947 1483 instituit,
997 1424 1241 1475 cohortis
1286 1443 1387 1492 pro
1432 1443 1667 1476 numero
1712 1425 1951 1477 militum

209 1508 485 1575 complet:
531 1507 755 1567 deinde,
788 1516 849 1558 ut
876 1507 1114 1576 quisque
1143 1508 1491 1559 voluntarius
1537 1518 1630 1559 aut
1672 1526 1742 1559 ex
1785 1509 1952 1561 sociis

207 1590 262 1641 in
328 1599 510 1641 castra
564 1599 815 1650 venerat,
876 1590 1184 1659 aequaliter
1238 1591 1615 1651 distribuerat,
1676 1609 1743 1643 ac
1796 1592 1952 1644 brevi

208 1673 388 1741 spatio
443 1673 700 1743 legiones
767 1691 1003 1724 numero
1066 1674 1360 1724 hominum
1417 1675 1766 1743 expleverat,
1825 1694 1953 1727 cum

208 1756 362 1807 initio
392 1774 505 1807 non
537 1757 781 1824 amplius
810 1756 1030 1807 duobus
1069 1756 1296 1808 milibus
1328 1758 1637 1809 habuisset.
1722 1758 1841 1810 Sed
1883 1777 1953 1810 ex

207 1839 358 1889 omni
390 1839 553 1907 copia
585 1838 804 1890 circiter
832 1857 964 1908 pars
1003 1849 1203 1909 quarta
1245 1850 1365 1892 erat
1406 1841 1740 1894 militaribus
1783 1842 1952 1893 armis

205 1921 511 1983 instructa3
555 1922 746 1983 ceteri,
778 1932 839 1974 ut
879 1940 1160 1992 quemque
1189 1941 1356 1976 casus
1387 1934 1725 1986 armaverat,
1758 1943 1953 1995 sparos

208 2014 301 2057 aut
355 2006 606 2066 lanceas,
667 2005 760 2056 alii
815 2016 1152 2074 praeacutas
1208 2007 1362 2059 sudis
1420 2009 1738 2076 portabant.
1837 2008 1954 2061 Sed

207 2098 503 2158 postquam
531 2087 816 2140 Antonius
860 2106 988 2146 cum
1032 2090 1283 2141 exercitu
1314 2092 1674 2153 adventabat,
1707 2091 1954 2145 Catilina

207 2189 306 2240 per
335 2171 536 2223 montis
579 2171 682 2223 iter
720 2172 929 2233 facere,
964 2173 1131 2224 modo
1164 2173 1234 2224 ad
1263 2175 1484 2235 urbem,
1517 2176 1688 2228 modo
1730 2176 1786 2227 in
1818 2174 1954 2228 Gal-

207 2254 339 2305 liam
369 2273 567 2306 vorsus
611 2264 794 2307 castra
827 2274 1076 2317 movere,
1110 2257 1364 2309 hostibus
1406 2260 1766 2311 occasionem
1809 2277 1950 2331 pug-

209 2338 380 2389 nandi
409 2357 523 2390 non
552 2339 722 2390 dare:
767 2340 1033 2408 sperabat
1075 2358 1250 2409 prope
1294 2342 1442 2393 diem
1486 2360 1728 2414 magnas
1759 2344 1954 2413 copias

209 2438 331 2473 sese
374 2422 714 2483 habiturum,
749 2423 794 2474 si
839 2423 1063 2475 Romae
1107 2425 1243 2476 socii
1285 2425 1510 2495 incepta
1553 2428 1946 2496 patravissent.

211 2503 429 2555 Interea
459 2505 685 2557 servitia
715 2507 1073 2574 repudiabat,
1108 2508 1267 2579 cujus
1309 2509 1464 2563 initio
1507 2513 1577 2563 ad
1621 2530 1749 2564 eum
1794 2530 1955 2583 mag-

210 2605 315 2638 nae
352 2588 545 2656 copiae
576 2590 1009 2652 concurrebant,
1055 2593 1258 2661 opibus
1301 2594 1702 2666 conjurationis
1745 2596 1952 2656 fretus;

211 2670 374 2721 simul
418 2671 665 2723 alienum
711 2673 826 2725 suis
869 2675 1178 2729 rationibus
1209 2677 1581 2738 existumans,
1614 2680 1791 2732 videri
1822 2698 1955 2733 cau-

212 2770 329 2804 sam
373 2754 576 2806 civium
610 2774 738 2807 cum
769 2758 946 2810 servis
981 2759 1232 2830 fugitivis
1271 2763 1799 2816 communicavisse.
1882 2779 1955 2819 57.

212 2835 324 2888 Sed
356 2848 652 2908 postquam
696 2841 752 2891 in
790 2851 973 2894 castra
1004 2844 1230 2896 nuntius
1272 2846 1527 2913 pervenit
1556 2846 1779 2900 Romae
1822 2866 1954 2901 con-

203 2919 541 2990 jurationem
587 2924 951 2992 patefactam,
998 2927 1067 2977 de
1110 2926 1353 2979 Lentulo
1398 2938 1450 2980 et
1505 2928 1765 3001 Cethego
1809 2942 1956 2984 cete-=

209 3002 395 3072 risque
451 3023 592 3075 quos
647 3025 816 3074 supra
871 3010 1181 3060 memoravi
1249 3012 1589 3079 supplicium
1644 3026 1950 3086 sumptum,

1985 603 2006 645 5

1990 1027 2038 1057 10

1990 1445 2038 1487 15

1986 1856 2041 1887 20

1985 2280 2037 2324 25

1987 2693 2043 2736 30

211 3085 486 3157 plerique,
519 3106 661 3155 quos
692 3089 763 3140 ad
790 3089 1004 3141 bellum
1036 3110 1164 3159 spes
1195 3094 1522 3161 rapinarum
1554 3104 1648 3146 aut
1678 3114 1952 3149 novarum
1985 3106 2037 3148 35

210 3186 397 3220 rerum
428 3171 671 3221 studium
704 3170 1002 3230 inlexerat,
1037 3175 1392 3234 dilabuntur3
1434 3176 1679 3245 reliquos
1709 3177 1954 3230 Catilina
