2155 3447
230 105 347 146 CAT.
383 103 473 159 59.]
763 86 818 138 T
809 87 877 138 he
926 87 1116 139 Order
1155 90 1232 155 of
1255 88 1474 139 Battle.
1901 106 1970 162 39

227 267 383 313 quam
420 257 572 312 teget,
608 266 763 313 quem
802 265 944 295 arma
983 266 1085 296 non
1123 251 1356 297 texerint.
1430 250 1718 309 Praeterea,
1760 253 1966 311 milites,

226 341 327 370 non
369 325 549 371 eadem
595 324 741 371 nobis
790 331 839 370 et
887 325 986 370 illis
1030 326 1351 371 necessitudo
1391 326 1685 388 impendet:
1740 343 1832 374 nos
1874 344 1966 390 pro

227 400 408 462 patria,
432 415 524 461 pro
552 399 800 456 libertate,
828 415 922 461 pro
950 400 1052 445 vita
1081 408 1367 456 certamus;
1397 401 1497 448 illis
1525 417 1964 464 supervacaneum

224 483 298 521 est
322 491 416 537 pro
444 476 672 537 potentia
700 491 983 537 paucorum
1017 492 1261 538 pugnare.

293 550 463 613 “Quo
503 552 747 597 audacius
777 552 1138 613 adgredimini,
1169 569 1424 599 memores
1463 554 1711 616 pristinae
1747 554 1962 600 Virtutis.
1998 580 2018 623 5

224 626 396 672 Licuit
416 627 560 672 vobis
582 643 698 672 cum
718 643 919 673 summa
938 629 1253 690 turpitudine
1277 630 1329 676 in
1344 631 1528 676 exsilio
1551 637 1772 675 aetatem
1794 645 1964 690 agere,

225 703 463 765 potuistis
492 703 724 749 nonnulli
749 703 952 749 Romae
981 705 1183 750 amissis
1209 704 1359 750 bonis
1387 705 1581 750 alienas
1607 720 1732 766 opes
1759 720 1967 765 exspec-

223 787 327 825 tare
349 798 358 825 :
388 780 508 842 quia
537 780 623 825 illa
650 780 797 826 foeda
820 787 970 842 atque
999 780 1319 826 intoleranda
1341 781 1465 826 viris
1485 779 1815 834 videbantur,
1838 778 1966 824 haec

224 856 365 918 sequi
405 856 718 902 decrevistis.
793 853 849 902 Si
889 855 1015 901 haec
1054 856 1344 917 relinquere
1380 855 1550 911 voltis,
1580 855 1797 900 audacia
1834 869 1965 915 opus

222 939 326 977 est:
369 948 520 977 nemo
560 931 655 976 nisi
683 931 845 976 victor
881 947 1009 993 pace
1045 929 1239 976 bellum
1269 931 1502 976 mutavit.
1575 929 1715 975 Nam
1755 930 1807 974 in
1843 929 1964 989 fuga
2004 950 2054 979 10

222 1007 437 1053 salutem
468 1022 695 1069 sperare,
717 1022 837 1052 cum
866 1022 1028 1061 arma,
1055 1005 1244 1067 quibus
1271 1021 1459 1067 corpus
1484 1005 1692 1066 tegitur,
1721 1003 1785 1050 ab
1812 1003 1966 1048 hosti-

220 1081 317 1128 bus
344 1083 608 1139 avorteris,
637 1098 695 1128 ea
721 1097 842 1127 vero
870 1082 1132 1127 dementia
1158 1087 1248 1126 est.
1324 1079 1545 1142 Semper
1582 1080 1634 1125 in
1667 1079 1867 1141 proelio
1894 1079 1966 1124 eis

222 1174 524 1204 maxumum
553 1165 628 1204 est
663 1157 952 1219 periculum
981 1156 1069 1218 qui
1110 1172 1352 1201 maxume
1391 1156 1590 1211 timent,
1619 1154 1836 1200 audacia
1872 1169 1966 1216 pro

222 1249 368 1279 muro
395 1232 626 1278 habetur.

289 1313 319 1335 “
340 1306 475 1354 Cum
495 1325 586 1354 vos
612 1309 898 1364 considero,
918 1308 1125 1363 milites,
1149 1314 1198 1352 et
1224 1323 1342 1352 cum
1370 1307 1503 1352 facta
1523 1314 1693 1351 vostra
1716 1312 1964 1361 acstumo,
2006 1318 2052 1361 15

221 1400 409 1445 magna
438 1401 518 1429 me
547 1400 662 1445 spes
695 1384 942 1429 victoriae
981 1390 1132 1428 tenet.
1204 1381 1448 1438 Animus,
1478 1389 1634 1437 aetas,
1663 1381 1825 1425 virtus
1854 1395 1967 1425 vos-

220 1467 295 1505 tra
323 1476 404 1505 me
431 1460 714 1515 hortantur,
742 1467 1009 1520 praeterea
1035 1457 1379 1511 necessitudO,
1408 1473 1540 1518 quae
1569 1457 1725 1502 etiam
1754 1455 1967 1500 timidos

220 1535 362 1580 fortis
388 1535 522 1580 facit.
571 1534 711 1579 Nam
739 1534 1014 1579 multitudo
1041 1533 1267 1578 hostium
1298 1549 1360 1577 ne
1388 1531 1764 1576 circumvenire
1791 1537 1965 1592 queat,

222 1609 497 1672 prohibent
534 1610 801 1670 angustiae
840 1608 958 1654 loci.
1039 1607 1195 1670 Qiod
1235 1608 1274 1653 si
1312 1607 1486 1652 virtuti
1524 1614 1726 1652 vostrae
1764 1605 1967 1650 fortuna

222 1685 478 1741 inviderit,
507 1692 682 1730 cavete
722 1684 867 1729 inulti
907 1685 1135 1729 animam
1164 1683 1442 1737 amittatis,
1485 1699 1583 1727 neu
1622 1681 1757 1743 capti
1795 1680 1968 1743 potius
2003 1704 2057 1733 20

223 1760 370 1805 sicuti
408 1776 597 1822 pecora
635 1760 983 1816 trucidemini,
1025 1775 1181 1820 quam
1228 1759 1453 1803 virorum
1497 1773 1638 1802 more
1677 1763 1968 1818 pugnantes

222 1843 487 1881 cruentam
522 1842 673 1896 atque
712 1835 999 1879 luctuosam
1025 1835 1297 1879 victoriam
1338 1832 1572 1878 hostibus
1612 1831 1966 1893 relinquatis.''

295 1943 368 1979 59.
440 1919 602 1970 Haec
641 1919 737 1970 ubi
793 1919 952 1979 dixit,
999 1919 1295 1988 paululum
1353 1927 1757 1977 commoratus,
1804 1916 1969 1986 signa

223 2022 427 2056 canere
449 2003 627 2074 jubet,
657 2014 824 2071 atque
852 2003 1151 2053 instructos
1175 2003 1402 2053 ordines
1432 2001 1488 2051 in
1513 2001 1701 2051 locum
1725 2017 1968 2069 aequum

223 2087 469 2140 deducit.
554 2086 725 2146 Dein,
767 2086 997 2137 remotis
1038 2085 1290 2137 omnium
1335 2084 1514 2153 equis,
1549 2102 1660 2153 quo
1701 2083 1969 2134 militibus
1999 2102 2050 2144 25

224 2179 538 2239 exaequato
582 2168 832 2237 periculo
871 2169 1098 2219 animus
1143 2168 1382 2236 amplior
1424 2177 1590 2227 esset,
1636 2166 1756 2234 ipse
1795 2166 1969 2234 pedes

224 2253 534 2305 exercitum
581 2270 683 2321 pro
733 2253 857 2303 loco
909 2261 1073 2321 atque
1120 2251 1295 2319 copiis
1346 2250 1586 2301 instruit.
1672 2249 1847 2310 Nam,
1891 2248 1969 2299 uti

223 2336 484 2406 planities
514 2345 633 2387 erat
669 2335 812 2386 inter
842 2335 1091 2387 sinistros
1123 2334 1347 2394 montiS,
1383 2343 1436 2384 et
1478 2334 1548 2384 ab
1591 2334 1790 2384 dextra
1830 2350 1970 2401 rupe

225 2437 448 2490 aspera,
493 2428 617 2471 octo
660 2418 905 2470 cohortis
947 2419 1004 2469 in
1048 2419 1226 2470 fronte
1271 2418 1576 2477 constituit,
1622 2416 1968 2485 reliquarum

225 2505 388 2575 signa
429 2503 486 2554 in
529 2503 777 2555 subsidio
821 2502 992 2553 artius
1037 2504 1329 2553 conlocat:
1377 2501 1446 2551 ab
1492 2500 1569 2551 eis
1615 2499 1969 2551 centuriones
1996 2515 2051 2556 30

224 2589 406 2641 omnis
437 2589 610 2639 lectos
641 2596 694 2638 et
733 2596 1016 2646 evocatos,
1050 2595 1343 2655 praeterea
1389 2603 1459 2635 ex
1504 2582 1785 2654 gregariis
1829 2581 1970 2632 mili-

224 2675 368 2726 tibus
414 2683 706 2742 optumum
753 2688 1033 2740 quemque
1082 2680 1360 2720 armatum
1402 2668 1459 2718 in
1503 2668 1747 2735 primam
1791 2664 1967 2716 aciem

227 2758 500 2811 subducit.
583 2756 651 2809 C.
691 2755 974 2807 Manlium
1016 2754 1072 2805 in
1115 2754 1333 2813 dextra,
1367 2752 1756 2803 Faesulanum
1798 2766 1971 2819 quen-

227 2843 357 2893 dam
399 2842 455 2892 in
491 2841 712 2893 sinistra
756 2848 913 2908 parte
955 2856 1153 2890 curare
1187 2837 1379 2907 jubet:
1423 2835 1544 2904 ipse
1589 2851 1717 2885 cum
1761 2832 1972 2882 libertis

226 2934 279 2976 et
308 2924 600 2976 calonibus
630 2933 856 2992 propter
885 2923 1134 2991 aquilam
1168 2920 1402 2979 adsistit,
1437 2936 1609 2988 quam
1639 2916 1789 2968 bello
1819 2913 1973 2966 Cim·
1994 2925 2047 2968 35

224 2997 378 3059 bri‘co
408 3006 478 3059 C.
512 3005 731 3058 Marius
760 3006 814 3056 in
846 3006 1095 3056 exercitu
1136 3004 1401 3055 habuisse
1431 3003 1741 3053 dicebatur.

300 3089 378 3142 At
407 3109 478 3141 ex
510 3090 682 3140 altera
713 3099 869 3156 parte
901 3088 968 3139 C.
995 3087 1300 3144 Antonius,
1328 3085 1567 3154 pedibus
1599 3102 1794 3154 aeger,
1823 3082 1974 3153 quod

229 3175 441 3242 proelio
485 3174 682 3224 adesse
726 3173 1013 3240 nequibat,
1049 3170 1134 3220 M.
1168 3170 1390 3220 Petreio
1432 3169 1622 3239 legato
1661 3168 1971 3219 exercitum
