2155 3447
123 114 242 155 CAT.
278 111 341 168 9.]
461 95 653 165 Early
692 94 871 164 Glory
899 96 1020 146 and
1045 95 1323 166 Strenglh
1353 98 1641 166 omene.
1825 114 1854 168 5

122 260 316 312 civitas
343 258 674 310 incredibile
703 267 1015 311 memoratu
1045 268 1127 312 est
1165 261 1369 330 adepta
1398 261 1652 313 libertate
1681 279 1859 332 quan-

119 352 234 394 tum
283 341 438 392 brevi
487 341 756 409 creverit:
813 351 965 393 tanta
1014 342 1218 411 cupido
1267 343 1483 413 gloriae
1527 343 1854 397 incesserat.

114 425 242 494 Jam
284 423 526 491 primum
562 423 848 494 juventus,
883 424 1049 475 simul
1092 442 1160 476 ac
1199 426 1333 477 belli
1376 426 1596 494 patiens
1627 436 1769 489 erat,
1802 427 1858 479 in

119 505 315 558 castris
343 523 443 574 per
472 506 721 557 laborem
751 525 857 558 usu
882 506 1136 558 militiam
1167 508 1440 570 discebat,
1475 509 1773 579 magisque
1802 510 1858 562 in

119 588 336 641 decoris
367 588 536 639 armis
567 597 618 639 et
646 588 980 641 militaribus
1005 590 1161 659 equis
1186 608 1354 660 quam
1380 591 1436 642 in
1467 592 1663 643 scortis
1694 601 1858 662 atque
1888 603 1909 645 5

121 670 388 723 conviviis
418 671 728 722 lubidinem
759 671 1064 723 habebant.
1150 672 1328 743 Igitur
1350 674 1554 725 talibus
1584 674 1716 725 viris
1746 693 1858 726 non

122 754 275 804 labor
302 752 578 811 insolitUS,
612 771 724 804 non
766 753 923 805 locus
963 755 1111 806 ullus
1142 773 1307 824 asper
1336 765 1431 807 aut
1473 757 1682 808 arduus
1718 767 1855 818 erat,

120 855 228 887 non
275 846 520 887 armatus
564 836 736 887 hostis
775 836 1212 890 formidulosus:
1256 839 1430 891 virtus
1469 840 1660 892 omnia
1701 841 1859 892 dom-

119 929 292 970 uerat.
377 917 494 970 Sed
537 919 752 988 gloriae
796 937 1128 972 maxumum
1178 931 1462 974 certarnen
1512 923 1655 974 inter
1703 923 1857 992 ipsos

117 1012 266 1052 erat:
326 1018 384 1053 se
439 1001 675 1071 quisque
718 1002 936 1054 hostem
985 1003 1172 1065 ferire,
1219 1023 1440 1056 murum
1484 1005 1854 1068 adscendere,
1890 1029 1939 1059 10

117 1084 367 1152 conspici
419 1085 551 1135 dum
601 1085 710 1136 tale
759 1085 978 1137 facinus
1033 1086 1263 1143 faceret,
1324 1089 1696 1156 properabat:
1760 1106 1858 1141 eas

116 1166 358 1227 divitias,
406 1184 531 1218 eam
573 1168 780 1218 bonam
826 1168 1037 1220 famam
1083 1187 1467 1240 magnamque
1510 1171 1857 1223 nobilitatem

115 1250 419 1318 putabant:
502 1249 684 1302 laudis
753 1251 925 1312 avidi,
999 1253 1274 1320 pecuniae
1342 1252 1604 1305 liberales
1665 1264 1857 1306 erant:

115 1333 354 1403 gloriam
384 1333 695 1404 ingentem,
730 1334 950 1386 divitias
982 1335 1244 1387 honestas
1274 1336 1554 1388 volebant.
1636 1335 1858 1389 Memo-

114 1434 238 1467 rare
267 1434 492 1485 possem
522 1417 725 1486 quibus
767 1417 823 1468 in
863 1418 1000 1470 locis
1034 1437 1332 1471 maxumas
1375 1419 1618 1472 hostium
1658 1420 1854 1489 copias
1887 1442 1934 1484 15

115 1500 356 1568 populus
410 1499 709 1551 Romanus
764 1518 939 1569 parva
996 1519 1167 1553 manu
1222 1502 1447 1562 fuderit,
1504 1521 1647 1573 quas
1701 1504 1856 1556 urbis

114 1592 314 1633 natura
363 1583 605 1635 munitas
655 1585 967 1654 pugnando
1014 1586 1243 1654 ceperit,
1294 1586 1349 1637 ni
1392 1603 1458 1638 ea
1501 1604 1588 1639 res
1630 1587 1858 1659 longius

114 1684 214 1717 nos
245 1666 315 1717 ab
345 1666 567 1735 incepto
597 1667 860 1718 traheret.

186 1765 230 1802 8.
264 1749 380 1803 Sed
426 1750 675 1819 profecto
719 1751 940 1803 fortuna
988 1751 1044 1803 in
1087 1752 1239 1804 omni
1284 1771 1341 1805 re
1384 1753 1740 1806 dominatur:
1789 1772 1855 1807 ea

112 1853 201 1887 res
231 1845 462 1887 cunctas
493 1853 563 1887 ex
606 1836 857 1888 lubidine
900 1836 1083 1908 magis
1122 1855 1294 1906 quam
1330 1855 1401 1889 ex
1440 1855 1574 1891 vero
1610 1839 1858 1891 celebrat
1883 1853 1938 1884 20

112 1920 505 1989 obscuratque.
589 1918 1024 1971 Atheniensium
1055 1938 1144 1971 res
1174 1931 1389 1990 gestae,
1424 1922 1567 1974 sicut
1595 1940 1704 1994 ego
1735 1940 1857 1975 aes-

111 2011 285 2063 tumO,
338 2003 471 2055 satis
521 2003 744 2071 amplae
789 2003 1242 2074 magnificaeque
1288 2004 1465 2066 fuere,
1510 2023 1707 2057 verum
1757 2006 1857 2058 ali-

111 2096 318 2155 quanto
348 2086 593 2138 minores
617 2096 806 2138 tamen
836 2104 1006 2156 quam
1037 2087 1187 2138 fama
1217 2087 1490 2140 feruntur.
1575 2088 1692 2142 Sed
1722 2090 1855 2160 quia

112 2187 422 2237 provenere
452 2170 526 2221 ibi
557 2170 890 2238 scriptorum
924 2187 1134 2240 magna
1165 2170 1417 2241 ingenia,
1452 2189 1552 2241 per
1579 2181 1855 2225 terrarum

110 2253 303 2303 orbem
333 2253 772 2304 Atheniensium
815 2252 961 2304 facta
1006 2271 1105 2321 pro
1149 2255 1431 2306 maxumis
1475 2255 1849 2308 celebrantur.
1883 2270 1933 2312 25

114 2334 196 2386 Ita
239 2353 431 2388 eorum
475 2336 567 2406 qui
612 2336 796 2387 fecere
850 2336 1026 2388 virtus
1075 2345 1228 2387 tanta
1278 2337 1535 2398 habetur,
1581 2348 1853 2408 quantum

111 2435 236 2469 eam
280 2419 466 2470 verbis
511 2429 740 2488 potuere
790 2420 1059 2470 extollere
1104 2421 1398 2488 praeclara
1442 2420 1694 2492 ingenia.
1778 2420 1856 2474 At

112 2503 318 2570 populo
349 2502 613 2557 Romano
644 2520 952 2571 numquam
994 2519 1060 2553 ea
1091 2502 1252 2571 copia
1296 2503 1415 2562 suit,
1449 2505 1580 2573 quia
1611 2505 1855 2573 pruden-

113 2586 376 2638 tissumus
421 2586 657 2656 quisque
704 2603 971 2637 maxume
1011 2586 1337 2656 negotiosus
1381 2597 1518 2648 erat,
1560 2588 1852 2658 ingenium

113 2686 278 2720 nemo
307 2669 426 2721 sine
457 2686 691 2737 corpore
735 2669 1057 2729 exercebat,
1090 2680 1354 2737 optumus
1397 2670 1635 2740 quisque
1666 2671 1853 2722 facere
1883 2683 1936 2724 30

110 2768 280 2820 quam
331 2752 539 2812 dicere,
591 2769 692 2803 sua
748 2752 818 2803 ab
865 2752 988 2804 aliis
1035 2752 1180 2803 bene
1223 2751 1373 2804 facta
1418 2752 1638 2805 laudari
1682 2771 1852 2824 quam

112 2832 231 2901 ipse
261 2835 499 2886 aliorum
529 2852 760 2886 narrare
793 2835 1057 2886 malebat.

184 2932 229 2968 9.
265 2917 446 2987 Igitur
493 2917 645 2969 domi
690 2917 1034 2986 militiaeque
1078 2917 1210 2969 boni
1262 2936 1444 2971 mores
1489 2919 1852 2971 colebanturt

112 3000 414 3070 concordia
469 3017 759 3060 maxuma,
817 3000 1068 3051 minuma
1123 3001 1356 3053 avaritia
1410 3010 1562 3053 erat:
1611 3001 1703 3074 jus
1756 3003 1856 3055 bo-

113 3099 360 3152 numque
415 3084 565 3151 apud
619 3100 716 3135 eos
764 3100 876 3134 non
923 3082 1146 3153 legibus
1195 3083 1379 3153 magis
1433 3102 1603 3154 quam
1652 3094 1852 3137 natura

111 3166 352 3217 valebat.
427 3166 629 3237 Jurgia
683 3165 996 3219 discordias
1052 3165 1362 3218 simultates
1416 3185 1545 3219 cum
1601 3169 1852 3221 hostibus
