2155 3447
211 81 333 122 CAT.
378 77 468 136 20.]
658 58 918 112 Address
955 63 1009 109 to
1050 56 1136 107 [κίε
1177 56 1514 109 Assocz‘ates.
1878 70 1940 107 11

208 224 518 277 Autronius
572 222 790 275 circiter
843 220 1042 273 Nonas
1098 220 1453 282 Decembris,
1506 219 1740 272 consilio
1794 237 1946 272 com-

210 307 514 366 municat0‚
551 306 827 375 parabant
854 305 910 355 in
946 303 1227 372 Capitolio
1258 304 1539 356 Kalendis
1560 303 1846 373 Januariis
1875 303 1943 354 L.

210 390 432 443 Cottam
487 397 540 440 et
593 387 663 439 L.
723 388 1075 457 Torquatum
1132 389 1392 440 consules
1446 387 1782 446 interficere,
1839 386 1944 455 ipsi

208 472 454 524 fascibus
485 470 765 539 conseptis
789 470 1054 523 Pisonem
1078 489 1206 523 cum
1231 472 1481 523 exercitu
1512 471 1581 522 ad
1612 470 1944 523 obtinendas

209 554 350 606 duas
382 552 692 621 Hispanias
717 553 953 605 mittere.
1004 593 1014 604 .
1066 593 1077 604 .
1129 594 1139 604 .
1187 554 1271 606 Ea
1301 573 1358 606 re
1389 555 1637 625 cognita,
1671 572 1861 605 rursus
1890 553 1945 604 in
1968 569 1988 610 5

208 636 407 688 Nonas
436 635 776 688 Februarias
807 638 1103 689 consilium
1135 638 1324 690 caedis
1354 638 1771 689 transtulerant.
1815 636 1947 704 Jam

208 728 324 771 tum
367 738 479 771 non
523 720 848 772 consulibus
897 722 1086 782 modo,
1133 722 1230 773 sed
1270 721 1550 790 plerisque
1595 719 1946 771 senatoribus

209 802 516 872 perniciem
546 804 1038 856 machinabantur.
1126 803 1298 873 Qod
1320 804 1374 854 ni
1399 803 1645 855 Catilina
1674 812 1949 853 maturas-

210 895 292 938 set
320 904 421 955 pro
452 886 608 938 curia
638 887 864 958 signum
902 888 1066 939 sociis
1097 888 1254 947 dare,
1287 905 1352 938 eo
1393 887 1480 938 die
1511 895 1634 955 post
1662 886 1946 938 conditam

210 970 407 1022 urbem
462 970 710 1022 Romam
766 989 1095 1039 pessumum
1158 970 1377 1021 facinus
1441 978 1721 1038 patratum
1784 969 1944 1021 foret.
1972 992 2023 1021 10

213 1051 365 1122 Qia
404 1054 655 1106 nondum
698 1054 1017 1123 frequentes
1062 1053 1257 1104 armati
1305 1062 1706 1113 convenerant,
1752 1070 1818 1104 ea
1860 1070 1948 1104 res

211 1137 508 1189 consilium
548 1137 787 1189 diremit.
867 1150 934 1187 19.
984 1137 1187 1189 Postea
1217 1136 1347 1187 Piso
1386 1137 1442 1186 in
1473 1136 1786 1187 citeriorem
1818 1135 1949 1187 His-

210 1220 440 1289 paniam
484 1229 748 1290 quaestor
802 1238 902 1289 pro
946 1229 1202 1289 praetore
1258 1219 1459 1270 missus
1516 1228 1617 1279 est,
1667 1219 1948 1270 adnitente

211 1302 442 1363 Crass0‚
496 1303 645 1373 quod
695 1320 824 1354 eum
866 1303 1129 1355 infestum
1180 1302 1472 1353 inimicum
1521 1301 1630 1354 Cn.
1677 1301 1949 1370 Pompeio

212 1395 572 1457 cognoverat.
655 1385 861 1456 Neque
890 1396 1078 1437 tamen
1109 1395 1335 1438 senatus
1366 1385 1716 1454 provinciam
1745 1384 1949 1436 invitus
1978 1402 2026 1447 15

212 1470 478 1522 dederat:
521 1469 730 1540 quippe
760 1469 986 1521 foedum
1026 1469 1313 1520 hominem
1346 1487 1376 1520 a
1407 1487 1464 1519 re
1496 1469 1723 1537 publica
1753 1469 1948 1538 procul

212 1571 336 1605 esse
376 1553 634 1612 volebat3
686 1552 851 1604 simul
894 1553 1023 1623 quia
1066 1553 1197 1604 boni
1242 1553 1560 1620 complures
1603 1551 1947 1621 praesidium

212 1636 270 1687 in
304 1654 369 1688 eo
411 1636 703 1705 putabant,
736 1645 789 1686 et
821 1636 939 1706 jam
970 1646 1086 1686 tum
1129 1636 1376 1705 potentia
1406 1635 1640 1704 Pompei
1684 1635 1952 1687 formidu-

212 1719 332 1771 losa
363 1728 498 1771 erat.
599 1718 715 1770 Sed
752 1718 798 1770 is
827 1718 957 1770 Piso
999 1719 1054 1769 in
1086 1719 1374 1788 provincia
1411 1719 1479 1770 ab
1511 1718 1788 1788 equitibus
1821 1718 1952 1770 His-

212 1803 397 1871 panis,
430 1820 570 1871 quos
602 1802 721 1853 sine
752 1802 1002 1853 exercitu
1032 1803 1297 1854 ductabat
1324 1803 1426 1853 iter
1463 1802 1698 1861 faciens,
1732 1801 1951 1853 occisus
1978 1824 2033 1853 20

213 1894 314 1938 est.
386 1884 530 1937 Sunt
557 1885 652 1955 qui
681 1885 755 1936 ita
795 1885 1003 1946 dicant,
1045 1886 1283 1954 imperia
1319 1886 1437 1957 ejus
1476 1885 1680 1956 injusta
1710 1885 1952 1953 superba

213 1968 465 2021 crudelia
508 1968 779 2020 barbaros
821 1969 1140 2039 nequivisse
1181 1970 1328 2037 pati3
1377 1968 1469 2020 alii
1514 1978 1700 2020 autern
1741 1968 1953 2038 equites

212 2052 359 2113 illos,
393 2051 502 2104 Cn.
550 2050 786 2120 Pompei
830 2061 1046 2102 veteres
1089 2052 1342 2122 fidosque
1385 2051 1625 2111 clientis,
1668 2051 1953 2103 voluntate

214 2136 334 2207 ejus
357 2135 622 2187 Pisonem
647 2135 948 2206 adgressos
972 2154 982 2184 ε
1014 2153 1322 2205 numquam
1353 2135 1638 2203 Hispanos
1662 2143 1954 2203 praeterea

213 2220 324 2271 tale
374 2218 592 2270 facinus
642 2217 864 2278 fecisse,
918 2219 1014 2270 sed
1066 2218 1301 2287 imperia
1352 2235 1522 2269 saeva
1567 2217 1741 2268 multa
1791 2226 1953 2268 antea
1983 2235 2033 2278 25

214 2320 532 2373 perpessos.
617 2300 739 2353 Nos
770 2319 894 2353 eam
927 2320 1042 2353 rem
1075 2301 1130 2352 in
1163 2301 1348 2353 medio
1378 2301 1780 2371 relinquemus.
1866 2300 1954 2353 De

215 2386 503 2456 superiore
534 2385 917 2457 conjuratione
948 2385 1081 2437 satis
1112 2386 1339 2437 dictum.

288 2482 367 2519 20.
410 2469 676 2531 Catilina,
710 2470 804 2521 ubi
834 2488 929 2521 eos
959 2487 1098 2539 quos
1128 2470 1297 2538 paulo
1328 2479 1455 2521 ante
1487 2469 1795 2521 memoravi
1826 2487 1956 2523 con-

214 2555 436 2607 venisse
466 2554 635 2615 videt,
663 2554 883 2606 tametsi
915 2572 1042 2606 cum
1067 2554 1305 2624 singulis
1331 2555 1504 2605 multa
1535 2571 1705 2623 saepe
1736 2565 1953 2625 egerat,

215 2648 404 2690 tamen
446 2638 503 2689 in
545 2656 660 2690 rem
706 2638 822 2690 fore
866 2639 1103 2691 credens
1132 2638 1426 2690 univorsos
1466 2639 1756 2708 appellare
1787 2648 1839 2690 et
1868 2656 1960 2690 co·
1988 2655 2042 2696 30

217 2721 448 2782 hortari,
480 2721 536 2773 in
580 2722 828 2774 abditam
871 2732 1087 2792 partem
1131 2723 1354 2776 aedium
1398 2723 1629 2784 secedit,
1676 2733 1842 2794 atque
1884 2724 1958 2775 ibi

217 2805 478 2857 omnibus
507 2805 727 2858 arbitris
757 2807 953 2875 procul
979 2807 1177 2859 amotis
1207 2808 1516 2860 orationem
1542 2807 1778 2879 hujusce
1809 2807 1960 2860 modi

219 2887 447 2939 habuit:

288 3008 318 3031 “
337 3004 408 3051 Ni
426 3005 586 3052 virtus
603 3005 832 3069 fidesque
853 3015 1021 3054 vostra
1040 3017 1266 3071 spectata
1290 3010 1415 3056 mihi
1437 3010 1618 3067 forent,
1641 3009 1958 3073 nequiquam

219 3087 511 3142 opportuna
535 3097 613 3127 res
635 3083 932 3129 cecidisset:
974 3099 1091 3145 spes
1113 3101 1319 3146 magna,
1342 3085 1627 3131 dominatio
1650 3085 1701 3131 in
1720 3083 1960 3130 manibus
1987 3093 2040 3137 35

218 3154 403 3201 frustra
428 3155 642 3202 fuissent
661 3173 670 3211 ;
712 3174 877 3219 neque
915 3175 1011 3219 ego
1048 3175 1141 3221 per
1179 3160 1442 3221 ignaviam
1481 3167 1568 3206 aut
1591 3176 1725 3206 vana
1752 3160 1962 3222 ingenia
