<?xml version="1.0" encoding="UTF-8"?>
<!DOCTYPE html PUBLIC "-//W3C//DTD XHTML 1.0 Transitional//EN"
    "http://www.w3.org/TR/xhtml1/DTD/xhtml1-transitional.dtd">
<html xmlns="http://www.w3.org/1999/xhtml" xml:lang="en" lang="en">
 <head>
  <title>
</title>
<meta http-equiv="Content-Type" content="text/html;charset=utf-8" />
  <meta name='ocr-system' content='tesseract 3.04.00' />
  <meta name='ocr-capabilities' content='ocr_page ocr_carea ocr_par ocr_line ocrx_word'/>
</head>
<body>
  <div class='ocr_page' id='page_1' title='image "./gaisalusticrispix00sall_0056.png"; bbox 0 0 2155 3447; ppageno 0'>
   <div class='ocr_carea' id='block_1_1' title="bbox 223 78 1969 152">
    <p class='ocr_par' dir='ltr' id='par_1_1' title="bbox 223 78 1969 152">
     <span class='ocr_line' id='line_1_1' title="bbox 223 78 1969 152; baseline -0.001 -20"><span class='ocrx_word' id='word_1_1' title='bbox 223 96 295 152; x_wconf 69' lang='lat'><strong>40</strong></span> <span class='ocrx_word' id='word_1_2' title='bbox 642 80 757 132; x_wconf 80' lang='lat' dir='ltr'><strong>lee</strong></span> <span class='ocrx_word' id='word_1_3' title='bbox 795 80 1149 149; x_wconf 76' lang='lat' dir='ltr'><strong>Conspz&#39;racy</strong></span> <span class='ocrx_word' id='word_1_4' title='bbox 1193 81 1268 146; x_wconf 85' lang='lat' dir='ltr'><strong>os</strong></span> <span class='ocrx_word' id='word_1_5' title='bbox 1305 78 1571 130; x_wconf 77' lang='lat' dir='ltr'><strong>Catz&#39;lz&#39;ne.</strong></span> <span class='ocrx_word' id='word_1_6' title='bbox 1797 93 1969 149; x_wconf 74' lang='lat' dir='ltr'><strong>[SALL,</strong></span> 
     </span>
    </p>
   </div>
   <div class='ocr_carea' id='block_1_2' title="bbox 141 243 1974 1062">
    <p class='ocr_par' dir='ltr' id='par_1_2' title="bbox 141 243 1974 1062">
     <span class='ocr_line' id='line_1_2' title="bbox 223 243 1972 317; baseline -0.001 -18"><span class='ocrx_word' id='word_1_7' title='bbox 223 245 508 317; x_wconf 88' lang='lat' dir='ltr'><strong>permittit.</strong></span> <span class='ocrx_word' id='word_1_8' title='bbox 582 244 685 296; x_wconf 89' lang='lat' dir='ltr'><strong>Ille</strong></span> <span class='ocrx_word' id='word_1_9' title='bbox 728 243 973 295; x_wconf 86' lang='lat' dir='ltr'>cohortis</span> <span class='ocrx_word' id='word_1_10' title='bbox 1004 251 1324 304; x_wconf 87' lang='lat' dir='ltr'><strong>veteranas,</strong></span> <span class='ocrx_word' id='word_1_11' title='bbox 1356 259 1497 312; x_wconf 90' lang='lat' dir='ltr'><strong>quas</strong></span> <span class='ocrx_word' id='word_1_12' title='bbox 1537 243 1760 294; x_wconf 91' lang='lat' dir='ltr'><strong>tumulti</strong></span> <span class='ocrx_word' id='word_1_13' title='bbox 1800 261 1972 297; x_wconf 91' lang='lat' dir='ltr'><strong>causa</strong></span> 
     </span>
     <span class='ocr_line' id='line_1_3' title="bbox 223 326 1974 398; baseline -0.004 -12"><span class='ocrx_word' id='word_1_14' title='bbox 223 330 655 398; x_wconf 78' lang='lat' dir='ltr'>conscripserat,</span> <span class='ocrx_word' id='word_1_15' title='bbox 693 326 750 377; x_wconf 91' lang='lat' dir='ltr'><strong>in</strong></span> <span class='ocrx_word' id='word_1_16' title='bbox 780 326 981 387; x_wconf 88' lang='lat' dir='ltr'><strong>fronte,</strong></span> <span class='ocrx_word' id='word_1_17' title='bbox 1017 335 1141 395; x_wconf 91' lang='lat' dir='ltr'><strong>post</strong></span> <span class='ocrx_word' id='word_1_18' title='bbox 1169 343 1266 377; x_wconf 90' lang='lat' dir='ltr'><strong>eas</strong></span> <span class='ocrx_word' id='word_1_19' title='bbox 1297 335 1544 377; x_wconf 88' lang='lat' dir='ltr'><strong>ceterum</strong></span> <span class='ocrx_word' id='word_1_20' title='bbox 1575 326 1886 378; x_wconf 84' lang='lat' dir='ltr'><strong>exercitum</strong></span> <span class='ocrx_word' id='word_1_21' title='bbox 1916 327 1974 379; x_wconf 90' lang='lat' dir='ltr'><strong>in</strong></span> 
     </span>
     <span class='ocr_line' id='line_1_4' title="bbox 222 408 1974 479; baseline -0.006 -8"><span class='ocrx_word' id='word_1_22' title='bbox 222 415 484 470; x_wconf 86' lang='lat' dir='ltr'><strong>subsidiis</strong></span> <span class='ocrx_word' id='word_1_23' title='bbox 536 412 718 470; x_wconf 82' lang='lat' dir='ltr'><strong>locat3</strong></span> <span class='ocrx_word' id='word_1_24' title='bbox 783 410 902 478; x_wconf 90' lang='lat' dir='ltr'><strong>ipse</strong></span> <span class='ocrx_word' id='word_1_25' title='bbox 967 427 1113 479; x_wconf 88' lang='lat' dir='ltr'><strong>equo</strong></span> <span class='ocrx_word' id='word_1_26' title='bbox 1172 408 1534 468; x_wconf 89' lang='lat' dir='ltr'><strong>circumiens,</strong></span> <span class='ocrx_word' id='word_1_27' title='bbox 1598 427 1974 479; x_wconf 91' lang='lat' dir='ltr'><strong>unumquem-</strong></span> 
     </span>
     <span class='ocr_line' id='line_1_5' title="bbox 221 492 1974 571; baseline -0.006 -17"><span class='ocrx_word' id='word_1_28' title='bbox 221 519 327 571; x_wconf 92' lang='lat' dir='ltr'><strong>que</strong></span> <span class='ocrx_word' id='word_1_29' title='bbox 351 500 675 557; x_wconf 84' lang='lat' dir='ltr'><strong>nominanS,</strong></span> <span class='ocrx_word' id='word_1_30' title='bbox 707 493 979 563; x_wconf 89' lang='lat' dir='ltr'><strong>appellat,</strong></span> <span class='ocrx_word' id='word_1_31' title='bbox 1017 493 1288 554; x_wconf 81' lang='lat' dir='ltr'><strong>hortatur,</strong></span> <span class='ocrx_word' id='word_1_32' title='bbox 1316 502 1501 563; x_wconf 86' lang='lat' dir='ltr'><strong>rogat,</strong></span> <span class='ocrx_word' id='word_1_33' title='bbox 1528 502 1587 544; x_wconf 93' lang='lat' dir='ltr'><strong>ut</strong></span> <span class='ocrx_word' id='word_1_34' title='bbox 1615 492 1974 544; x_wconf 80' lang='lat' dir='ltr'><strong>meminerint</strong></span> 
     </span>
     <span class='ocr_line' id='line_1_6' title="bbox 141 575 1973 646; baseline -0.004 -10"><span class='ocrx_word' id='word_1_35' title='bbox 141 601 160 644; x_wconf 83' lang='grc'><em>5</em></span> <span class='ocrx_word' id='word_1_36' title='bbox 221 602 279 636; x_wconf 93' lang='lat' dir='ltr'><strong>se</strong></span> <span class='ocrx_word' id='word_1_37' title='bbox 311 594 503 637; x_wconf 90' lang='lat' dir='ltr'><strong>contra</strong></span> <span class='ocrx_word' id='word_1_38' title='bbox 534 585 779 635; x_wconf 88' lang='lat' dir='ltr'><strong>latrones</strong></span> <span class='ocrx_word' id='word_1_39' title='bbox 827 576 1082 638; x_wconf 89' lang='lat' dir='ltr'><strong>inermis,</strong></span> <span class='ocrx_word' id='word_1_40' title='bbox 1118 594 1218 645; x_wconf 92' lang='lat' dir='ltr'><strong>pro</strong></span> <span class='ocrx_word' id='word_1_41' title='bbox 1248 577 1453 645; x_wconf 90' lang='lat' dir='ltr'><strong>patria,</strong></span> <span class='ocrx_word' id='word_1_42' title='bbox 1484 594 1585 645; x_wconf 93' lang='lat' dir='ltr'><strong>pro</strong></span> <span class='ocrx_word' id='word_1_43' title='bbox 1628 575 1840 636; x_wconf 90' lang='lat' dir='ltr'><strong>liberis,</strong></span> <span class='ocrx_word' id='word_1_44' title='bbox 1872 595 1973 646; x_wconf 93' lang='lat' dir='ltr'><strong>pro</strong></span> 
     </span>
     <span class='ocr_line' id='line_1_7' title="bbox 221 658 1972 738; baseline -0.005 -18"><span class='ocrx_word' id='word_1_45' title='bbox 221 667 331 720; x_wconf 91' lang='lat' dir='ltr'><strong>aris</strong></span> <span class='ocrx_word' id='word_1_46' title='bbox 373 677 539 738; x_wconf 87' lang='lat' dir='ltr'><strong>atque</strong></span> <span class='ocrx_word' id='word_1_47' title='bbox 582 665 720 719; x_wconf 94' lang='lat' dir='ltr'><strong>focis</strong></span> <span class='ocrx_word' id='word_1_48' title='bbox 765 662 879 715; x_wconf 92' lang='lat' dir='ltr'><strong>suis</strong></span> <span class='ocrx_word' id='word_1_49' title='bbox 924 670 1161 713; x_wconf 89' lang='lat' dir='ltr'><strong>certare.</strong></span> <span class='ocrx_word' id='word_1_50' title='bbox 1267 658 1457 712; x_wconf 87' lang='lat' dir='ltr'>Homo</span> <span class='ocrx_word' id='word_1_51' title='bbox 1500 659 1776 720; x_wconf 84' lang='lat' dir='ltr'><strong>militariS,</strong></span> <span class='ocrx_word' id='word_1_52' title='bbox 1822 661 1972 729; x_wconf 92' lang='lat' dir='ltr'><strong>quod</strong></span> 
     </span>
     <span class='ocr_line' id='line_1_8' title="bbox 220 743 1974 821; baseline -0.003 -19"><span class='ocrx_word' id='word_1_53' title='bbox 220 751 463 821; x_wconf 89' lang='lat' dir='ltr'><strong>amplius</strong></span> <span class='ocrx_word' id='word_1_54' title='bbox 519 768 697 803; x_wconf 89' lang='lat' dir='ltr'><strong>annos</strong></span> <span class='ocrx_word' id='word_1_55' title='bbox 757 745 987 819; x_wconf 85' lang='lat' dir='ltr'><strong>triginta</strong></span> <span class='ocrx_word' id='word_1_56' title='bbox 1046 743 1307 796; x_wconf 86' lang='lat' dir='ltr'><strong>tribunus</strong></span> <span class='ocrx_word' id='word_1_57' title='bbox 1363 752 1458 795; x_wconf 89' lang='lat' dir='ltr'><strong>aut</strong></span> <span class='ocrx_word' id='word_1_58' title='bbox 1510 743 1830 812; x_wconf 78' lang='lat' dir='ltr'><strong>praefectus</strong></span> <span class='ocrx_word' id='word_1_59' title='bbox 1880 755 1974 796; x_wconf 92' lang='lat' dir='ltr'><strong>aut</strong></span> 
     </span>
     <span class='ocr_line' id='line_1_9' title="bbox 221 827 1971 906; baseline -0.004 -19"><span class='ocrx_word' id='word_1_60' title='bbox 221 836 441 906; x_wconf 87' lang='lat' dir='ltr'><strong>legatus</strong></span> <span class='ocrx_word' id='word_1_61' title='bbox 497 844 591 887; x_wconf 91' lang='lat' dir='ltr'><strong>aut</strong></span> <span class='ocrx_word' id='word_1_62' title='bbox 644 843 868 904; x_wconf 91' lang='lat' dir='ltr'><strong>praetor</strong></span> <span class='ocrx_word' id='word_1_63' title='bbox 921 849 1051 884; x_wconf 92' lang='lat' dir='ltr'><strong>cum</strong></span> <span class='ocrx_word' id='word_1_64' title='bbox 1108 845 1322 898; x_wconf 83' lang='lat' dir='ltr'><strong>magna</strong></span> <span class='ocrx_word' id='word_1_65' title='bbox 1371 827 1554 899; x_wconf 85' lang='lat' dir='ltr'><strong>gloria</strong></span> <span class='ocrx_word' id='word_1_66' title='bbox 1608 827 1664 878; x_wconf 90' lang='lat' dir='ltr'><strong>in</strong></span> <span class='ocrx_word' id='word_1_67' title='bbox 1721 827 1971 880; x_wconf 84' lang='lat' dir='ltr'><strong>exercitu</strong></span> 
     </span>
     <span class='ocr_line' id='line_1_10' title="bbox 221 911 1969 989; baseline -0.005 -18"><span class='ocrx_word' id='word_1_68' title='bbox 221 919 419 979; x_wconf 90' lang='lat' dir='ltr'><strong>fuerat,</strong></span> <span class='ocrx_word' id='word_1_69' title='bbox 453 919 752 989; x_wconf 88' lang='lat' dir='ltr'><strong>plerosque</strong></span> <span class='ocrx_word' id='word_1_70' title='bbox 777 917 946 987; x_wconf 87' lang='lat' dir='ltr'><strong>-ipsos</strong></span> <span class='ocrx_word' id='word_1_71' title='bbox 990 915 1254 982; x_wconf 88' lang='lat' dir='ltr'><strong>factaque</strong></span> <span class='ocrx_word' id='word_1_72' title='bbox 1286 929 1478 964; x_wconf 91' lang='lat' dir='ltr'><strong>eorum</strong></span> <span class='ocrx_word' id='word_1_73' title='bbox 1511 911 1673 963; x_wconf 91' lang='lat' dir='ltr'><strong>fortia</strong></span> <span class='ocrx_word' id='word_1_74' title='bbox 1702 921 1969 964; x_wconf 87' lang='lat' dir='ltr'><strong>noverat:</strong></span> 
     </span>
     <span class='ocr_line' id='line_1_11' title="bbox 144 996 1766 1062; baseline -0.005 -8"><span class='ocrx_word' id='word_1_75' title='bbox 144 1025 191 1054; x_wconf 88' lang='lat'><strong>10</strong></span> <span class='ocrx_word' id='word_1_76' title='bbox 219 1020 285 1053; x_wconf 86' lang='lat' dir='ltr'><strong>ea</strong></span> <span class='ocrx_word' id='word_1_77' title='bbox 316 1002 839 1062; x_wconf 86' lang='lat' dir='ltr'><strong>commemorando,</strong></span> <span class='ocrx_word' id='word_1_78' title='bbox 873 1000 1111 1052; x_wconf 89' lang='lat' dir='ltr'><strong>militum</strong></span> <span class='ocrx_word' id='word_1_79' title='bbox 1148 996 1367 1049; x_wconf 88' lang='lat' dir='ltr'><strong>animos</strong></span> <span class='ocrx_word' id='word_1_80' title='bbox 1398 996 1766 1047; x_wconf 89' lang='lat' dir='ltr'><strong>accendebat.</strong></span> 
     </span>
    </p>
   </div>
   <div class='ocr_carea' id='block_1_3' title="bbox 125 1084 1969 3273">
    <p class='ocr_par' dir='ltr' id='par_1_3' title="bbox 215 1084 1969 1415">
     <span class='ocr_line' id='line_1_12' title="bbox 290 1084 1969 1155; baseline -0.002 -13"><span class='ocrx_word' id='word_1_81' title='bbox 290 1105 371 1145; x_wconf 82' lang='lat'><strong>60.</strong></span> <span class='ocrx_word' id='word_1_82' title='bbox 412 1091 529 1144; x_wconf 85' lang='lat' dir='ltr'><strong>Sed</strong></span> <span class='ocrx_word' id='word_1_83' title='bbox 557 1090 675 1152; x_wconf 90' lang='lat' dir='ltr'><strong>ubi,</strong></span> <span class='ocrx_word' id='word_1_84' title='bbox 708 1091 969 1143; x_wconf 88' lang='lat' dir='ltr'><strong>omnibus</strong></span> <span class='ocrx_word' id='word_1_85' title='bbox 999 1091 1168 1142; x_wconf 90' lang='lat' dir='ltr'><strong>rebus</strong></span> <span class='ocrx_word' id='word_1_86' title='bbox 1199 1085 1526 1155; x_wconf 78' lang='lat' dir='ltr'><strong>exploratis,</strong></span> <span class='ocrx_word' id='word_1_87' title='bbox 1555 1084 1808 1138; x_wconf 77' lang='lat' dir='ltr'><strong>Petreius</strong></span> <span class='ocrx_word' id='word_1_88' title='bbox 1836 1087 1969 1139; x_wconf 89' lang='lat' dir='ltr'><strong>tuba</strong></span> 
     </span>
     <span class='ocr_line' id='line_1_13' title="bbox 217 1171 1968 1248; baseline -0.002 -19"><span class='ocrx_word' id='word_1_89' title='bbox 217 1177 445 1248; x_wconf 82' lang='lat' dir='ltr'><strong>signum</strong></span> <span class='ocrx_word' id='word_1_90' title='bbox 491 1177 604 1237; x_wconf 92' lang='lat' dir='ltr'><strong>dat,</strong></span> <span class='ocrx_word' id='word_1_91' title='bbox 658 1177 901 1229; x_wconf 84' lang='lat' dir='ltr'><strong>cohortis</strong></span> <span class='ocrx_word' id='word_1_92' title='bbox 953 1176 1226 1246; x_wconf 89' lang='lat' dir='ltr'><strong>paulatim</strong></span> <span class='ocrx_word' id='word_1_93' title='bbox 1277 1172 1542 1224; x_wconf 75' lang='lat' dir='ltr'><strong>incedere</strong></span> <span class='ocrx_word' id='word_1_94' title='bbox 1590 1171 1771 1242; x_wconf 87' lang='lat' dir='ltr'><strong>jubet,</strong></span> <span class='ocrx_word' id='word_1_95' title='bbox 1818 1172 1968 1225; x_wconf 90' lang='lat' dir='ltr'><strong>idem</strong></span> 
     </span>
     <span class='ocr_line' id='line_1_14' title="bbox 216 1259 1966 1330; baseline -0.001 -19"><span class='ocrx_word' id='word_1_96' title='bbox 216 1261 349 1312; x_wconf 90' lang='lat' dir='ltr'><strong>facit</strong></span> <span class='ocrx_word' id='word_1_97' title='bbox 396 1261 638 1313; x_wconf 89' lang='lat' dir='ltr'><strong>hostium</strong></span> <span class='ocrx_word' id='word_1_98' title='bbox 696 1260 991 1312; x_wconf 85' lang='lat' dir='ltr'><strong>exercitus.</strong></span> <span class='ocrx_word' id='word_1_99' title='bbox 1096 1259 1406 1330; x_wconf 87' lang='lat' dir='ltr'><strong>Postquam</strong></span> <span class='ocrx_word' id='word_1_100' title='bbox 1463 1274 1529 1309; x_wconf 86' lang='lat' dir='ltr'><strong>eo</strong></span> <span class='ocrx_word' id='word_1_101' title='bbox 1578 1264 1808 1307; x_wconf 88' lang='lat' dir='ltr'><strong>ventum</strong></span> <span class='ocrx_word' id='word_1_102' title='bbox 1864 1266 1966 1316; x_wconf 88' lang='lat' dir='ltr'><strong>est,</strong></span> 
     </span>
     <span class='ocr_line' id='line_1_15' title="bbox 215 1341 1968 1415; baseline -0.001 -20"><span class='ocrx_word' id='word_1_103' title='bbox 215 1344 366 1396; x_wconf 91' lang='lat' dir='ltr'><strong>unde</strong></span> <span class='ocrx_word' id='word_1_104' title='bbox 398 1343 488 1415; x_wconf 92' lang='lat' dir='ltr'><strong>[a]</strong></span> <span class='ocrx_word' id='word_1_105' title='bbox 520 1343 834 1396; x_wconf 79' lang='lat' dir='ltr'><strong>ferentariis</strong></span> <span class='ocrx_word' id='word_1_106' title='bbox 861 1344 1136 1413; x_wconf 90' lang='lat' dir='ltr'><strong>proelium</strong></span> <span class='ocrx_word' id='word_1_107' title='bbox 1163 1341 1434 1395; x_wconf 84' lang='lat' dir='ltr'><strong>committi</strong></span> <span class='ocrx_word' id='word_1_108' title='bbox 1461 1349 1670 1410; x_wconf 91' lang='lat' dir='ltr'><strong>posset,</strong></span> <span class='ocrx_word' id='word_1_109' title='bbox 1697 1356 1968 1394; x_wconf 84' lang='lat' dir='ltr'><strong>maxumo</strong></span> 
     </span>
    </p>

    <p class='ocr_par' dir='ltr' id='par_1_4' title="bbox 142 1426 1969 1832">
     <span class='ocr_line' id='line_1_16' title="bbox 142 1426 1964 1499; baseline -0.002 -18"><span class='ocrx_word' id='word_1_110' title='bbox 142 1439 186 1481; x_wconf 84' lang='grc' dir='ltr'><strong>Ι5</strong></span> <span class='ocrx_word' id='word_1_111' title='bbox 217 1429 463 1480; x_wconf 88' lang='lat' dir='ltr'><strong>clamore</strong></span> <span class='ocrx_word' id='word_1_112' title='bbox 491 1426 679 1498; x_wconf 90' lang='lat' dir='ltr'><strong>[cum]</strong></span> <span class='ocrx_word' id='word_1_113' title='bbox 710 1427 928 1480; x_wconf 85' lang='lat' dir='ltr'><strong>infestis</strong></span> <span class='ocrx_word' id='word_1_114' title='bbox 953 1428 1131 1499; x_wconf 81' lang='lat' dir='ltr'><strong>signis</strong></span> <span class='ocrx_word' id='word_1_115' title='bbox 1153 1437 1522 1480; x_wconf 90' lang='lat' dir='ltr'><strong>concurrunt:</strong></span> <span class='ocrx_word' id='word_1_116' title='bbox 1550 1426 1663 1495; x_wconf 91' lang='lat' dir='ltr'><strong>pila</strong></span> <span class='ocrx_word' id='word_1_117' title='bbox 1684 1426 1964 1487; x_wconf 89' lang='lat' dir='ltr'><strong>omittunt,</strong></span> 
     </span>
     <span class='ocr_line' id='line_1_17' title="bbox 216 1510 1969 1583; baseline -0.001 -21"><span class='ocrx_word' id='word_1_118' title='bbox 216 1512 423 1583; x_wconf 82' lang='lat' dir='ltr'><strong>gladiis</strong></span> <span class='ocrx_word' id='word_1_119' title='bbox 465 1529 552 1564; x_wconf 91' lang='lat' dir='ltr'><strong>res</strong></span> <span class='ocrx_word' id='word_1_120' title='bbox 595 1511 830 1582; x_wconf 79' lang='lat' dir='ltr'><strong>geritur.</strong></span> <span class='ocrx_word' id='word_1_121' title='bbox 913 1511 1207 1571; x_wconf 80' lang='lat' dir='ltr'><strong>Veterani,</strong></span> <span class='ocrx_word' id='word_1_122' title='bbox 1242 1511 1511 1580; x_wconf 80' lang='lat' dir='ltr'><strong>pristinae</strong></span> <span class='ocrx_word' id='word_1_123' title='bbox 1542 1510 1760 1562; x_wconf 87' lang='lat' dir='ltr'><strong>virtutis</strong></span> <span class='ocrx_word' id='word_1_124' title='bbox 1793 1527 1969 1562; x_wconf 90' lang='lat' dir='ltr'><strong>mem-</strong></span> 
     </span>
     <span class='ocr_line' id='line_1_18' title="bbox 215 1594 1969 1656; baseline -0.001 -8"><span class='ocrx_word' id='word_1_125' title='bbox 215 1613 362 1656; x_wconf 89' lang='lat' dir='ltr'><strong>ores,</strong></span> <span class='ocrx_word' id='word_1_126' title='bbox 396 1596 712 1647; x_wconf 89' lang='lat' dir='ltr'><strong>comminus</strong></span> <span class='ocrx_word' id='word_1_127' title='bbox 744 1595 944 1647; x_wconf 87' lang='lat' dir='ltr'><strong>acriter</strong></span> <span class='ocrx_word' id='word_1_128' title='bbox 986 1595 1227 1655; x_wconf 83' lang='lat' dir='ltr'><strong>instare3</strong></span> <span class='ocrx_word' id='word_1_129' title='bbox 1274 1595 1353 1646; x_wconf 91' lang='lat' dir='ltr'><strong>illi</strong></span> <span class='ocrx_word' id='word_1_130' title='bbox 1397 1596 1550 1647; x_wconf 91' lang='lat' dir='ltr'><strong>haud</strong></span> <span class='ocrx_word' id='word_1_131' title='bbox 1581 1594 1759 1646; x_wconf 91' lang='lat' dir='ltr'><strong>timidi</strong></span> <span class='ocrx_word' id='word_1_132' title='bbox 1803 1594 1969 1647; x_wconf 88' lang='lat' dir='ltr'><strong>resis-</strong></span> 
     </span>
     <span class='ocr_line' id='line_1_19' title="bbox 217 1679 1967 1734; baseline 0.001 -3"><span class='ocrx_word' id='word_1_133' title='bbox 217 1688 367 1731; x_wconf 87' lang='lat' dir='ltr'><strong>tunt:</strong></span> <span class='ocrx_word' id='word_1_134' title='bbox 437 1697 707 1730; x_wconf 82' lang='lat' dir='ltr'><strong>maxuma</strong></span> <span class='ocrx_word' id='word_1_135' title='bbox 763 1679 816 1730; x_wconf 88' lang='lat' dir='ltr'><strong>vi</strong></span> <span class='ocrx_word' id='word_1_136' title='bbox 880 1688 1143 1732; x_wconf 89' lang='lat' dir='ltr'><strong>certatur.</strong></span> <span class='ocrx_word' id='word_1_137' title='bbox 1248 1679 1472 1732; x_wconf 87' lang='lat' dir='ltr'><strong>Interea</strong></span> <span class='ocrx_word' id='word_1_138' title='bbox 1529 1680 1779 1733; x_wconf 87' lang='lat' dir='ltr'><strong>Catilina</strong></span> <span class='ocrx_word' id='word_1_139' title='bbox 1838 1698 1967 1734; x_wconf 91' lang='lat' dir='ltr'><strong>cum</strong></span> 
     </span>
     <span class='ocr_line' id='line_1_20' title="bbox 213 1763 1967 1832; baseline 0.001 -17"><span class='ocrx_word' id='word_1_140' title='bbox 213 1763 492 1832; x_wconf 86' lang='lat' dir='ltr'><strong>expeditis</strong></span> <span class='ocrx_word' id='word_1_141' title='bbox 534 1763 590 1814; x_wconf 91' lang='lat' dir='ltr'><strong>in</strong></span> <span class='ocrx_word' id='word_1_142' title='bbox 633 1764 815 1832; x_wconf 89' lang='lat' dir='ltr'><strong>prima</strong></span> <span class='ocrx_word' id='word_1_143' title='bbox 860 1763 981 1815; x_wconf 88' lang='lat' dir='ltr'><strong>acie</strong></span> <span class='ocrx_word' id='word_1_144' title='bbox 1024 1763 1258 1824; x_wconf 86' lang='lat' dir='ltr'><strong>vorsari,</strong></span> <span class='ocrx_word' id='word_1_145' title='bbox 1305 1764 1693 1817; x_wconf 86' lang='lat' dir='ltr'><strong>laborantibus</strong></span> <span class='ocrx_word' id='word_1_146' title='bbox 1738 1783 1967 1818; x_wconf 87' lang='lat' dir='ltr'><strong>succur-</strong></span> 
     </span>
    </p>

    <p class='ocr_par' dir='ltr' id='par_1_5' title="bbox 133 1846 1964 2258">
     <span class='ocr_line' id='line_1_21' title="bbox 133 1846 1962 1921; baseline 0.002 -24"><span class='ocrx_word' id='word_1_147' title='bbox 133 1867 187 1897; x_wconf 89' lang='lat'><strong>20</strong></span> <span class='ocrx_word' id='word_1_148' title='bbox 213 1864 356 1907; x_wconf 88' lang='lat' dir='ltr'><strong>rere,</strong></span> <span class='ocrx_word' id='word_1_149' title='bbox 390 1846 640 1917; x_wconf 82' lang='lat' dir='ltr'><strong>integros</strong></span> <span class='ocrx_word' id='word_1_150' title='bbox 678 1865 779 1916; x_wconf 93' lang='lat' dir='ltr'><strong>pro</strong></span> <span class='ocrx_word' id='word_1_151' title='bbox 821 1847 1029 1899; x_wconf 88' lang='lat' dir='ltr'><strong>sauciis</strong></span> <span class='ocrx_word' id='word_1_152' title='bbox 1073 1864 1385 1909; x_wconf 82' lang='lat' dir='ltr'><strong>accersere,</strong></span> <span class='ocrx_word' id='word_1_153' title='bbox 1420 1850 1610 1903; x_wconf 90' lang='lat' dir='ltr'><strong>omnia</strong></span> <span class='ocrx_word' id='word_1_154' title='bbox 1642 1851 1962 1921; x_wconf 85' lang='lat' dir='ltr'><strong>providere,</strong></span> 
     </span>
     <span class='ocr_line' id='line_1_22' title="bbox 213 1930 1963 2002; baseline 0.002 -21"><span class='ocrx_word' id='word_1_155' title='bbox 213 1930 450 2002; x_wconf 85' lang='lat' dir='ltr'><strong>multum</strong></span> <span class='ocrx_word' id='word_1_156' title='bbox 499 1930 619 1999; x_wconf 88' lang='lat' dir='ltr'><strong>ipse</strong></span> <span class='ocrx_word' id='word_1_157' title='bbox 670 1949 952 2002; x_wconf 86' lang='lat' dir='ltr'><strong>pugnare,</strong></span> <span class='ocrx_word' id='word_1_158' title='bbox 998 1949 1169 2000; x_wconf 84' lang='lat' dir='ltr'><strong>saepe</strong></span> <span class='ocrx_word' id='word_1_159' title='bbox 1219 1933 1439 1985; x_wconf 91' lang='lat' dir='ltr'><strong>hostem</strong></span> <span class='ocrx_word' id='word_1_160' title='bbox 1496 1935 1696 1994; x_wconf 81' lang='lat' dir='ltr'><strong>ferire3</strong></span> <span class='ocrx_word' id='word_1_161' title='bbox 1755 1933 1963 1987; x_wconf 84' lang='lat' dir='ltr'><strong>strenui</strong></span> 
     </span>
     <span class='ocr_line' id='line_1_23' title="bbox 214 2014 1961 2090; baseline 0.002 -26"><span class='ocrx_word' id='word_1_162' title='bbox 214 2014 402 2066; x_wconf 88' lang='lat' dir='ltr'><strong>militis</strong></span> <span class='ocrx_word' id='word_1_163' title='bbox 445 2023 498 2066; x_wconf 88' lang='lat' dir='ltr'><strong>et</strong></span> <span class='ocrx_word' id='word_1_164' title='bbox 536 2014 669 2066; x_wconf 92' lang='lat' dir='ltr'><strong>boni</strong></span> <span class='ocrx_word' id='word_1_165' title='bbox 712 2014 1065 2083; x_wconf 87' lang='lat' dir='ltr'><strong>imperatoris</strong></span> <span class='ocrx_word' id='word_1_166' title='bbox 1096 2015 1281 2068; x_wconf 87' lang='lat' dir='ltr'><strong>officia</strong></span> <span class='ocrx_word' id='word_1_167' title='bbox 1312 2019 1479 2071; x_wconf 90' lang='lat' dir='ltr'><strong>simul</strong></span> <span class='ocrx_word' id='word_1_168' title='bbox 1524 2020 1961 2090; x_wconf 84' lang='lat' dir='ltr'><strong>exsequebatur.</strong></span> 
     </span>
     <span class='ocr_line' id='line_1_24' title="bbox 213 2097 1961 2163; baseline 0.003 -14"><span class='ocrx_word' id='word_1_169' title='bbox 213 2097 467 2150; x_wconf 89' lang='lat' dir='ltr'><strong>Petreius</strong></span> <span class='ocrx_word' id='word_1_170' title='bbox 522 2097 615 2149; x_wconf 89' lang='lat' dir='ltr'><strong>ubi</strong></span> <span class='ocrx_word' id='word_1_171' title='bbox 659 2097 811 2150; x_wconf 88' lang='lat' dir='ltr'><strong>videt</strong></span> <span class='ocrx_word' id='word_1_172' title='bbox 862 2097 1191 2160; x_wconf 86' lang='lat' dir='ltr'><strong>Catilinam,</strong></span> <span class='ocrx_word' id='word_1_173' title='bbox 1246 2112 1439 2154; x_wconf 88' lang='lat' dir='ltr'><strong>contra</strong></span> <span class='ocrx_word' id='word_1_174' title='bbox 1497 2122 1564 2157; x_wconf 89' lang='lat' dir='ltr'><strong>ac</strong></span> <span class='ocrx_word' id='word_1_175' title='bbox 1618 2112 1772 2156; x_wconf 91' lang='lat' dir='ltr'><strong>ratus</strong></span> <span class='ocrx_word' id='word_1_176' title='bbox 1822 2111 1961 2163; x_wconf 89' lang='lat' dir='ltr'><strong>erat,</strong></span> 
     </span>
     <span class='ocr_line' id='line_1_25' title="bbox 212 2181 1964 2258; baseline 0.003 -26"><span class='ocrx_word' id='word_1_177' title='bbox 212 2198 424 2253; x_wconf 84' lang='lat' dir='ltr'><strong>magna</strong></span> <span class='ocrx_word' id='word_1_178' title='bbox 470 2181 524 2232; x_wconf 88' lang='lat' dir='ltr'><strong>vi</strong></span> <span class='ocrx_word' id='word_1_179' title='bbox 579 2182 830 2243; x_wconf 91' lang='lat' dir='ltr'><strong>tendere,</strong></span> <span class='ocrx_word' id='word_1_180' title='bbox 890 2183 1180 2235; x_wconf 90' lang='lat' dir='ltr'><strong>cohortem</strong></span> <span class='ocrx_word' id='word_1_181' title='bbox 1239 2189 1578 2258; x_wconf 78' lang='lat' dir='ltr'><strong>praetoriam</strong></span> <span class='ocrx_word' id='word_1_182' title='bbox 1634 2189 1691 2241; x_wconf 89' lang='lat' dir='ltr'><strong>in</strong></span> <span class='ocrx_word' id='word_1_183' title='bbox 1747 2187 1964 2239; x_wconf 93' lang='lat' dir='ltr'><strong>medios</strong></span> 
     </span>
    </p>

    <p class='ocr_par' dir='ltr' id='par_1_6' title="bbox 128 2264 1965 2684">
     <span class='ocr_line' id='line_1_26' title="bbox 128 2264 1961 2346; baseline 0.002 -30"><span class='ocrx_word' id='word_1_184' title='bbox 128 2280 179 2324; x_wconf 81' lang='lat'><strong>25</strong></span> <span class='ocrx_word' id='word_1_185' title='bbox 213 2265 384 2317; x_wconf 89' lang='lat' dir='ltr'><strong>hostis</strong></span> <span class='ocrx_word' id='word_1_186' title='bbox 438 2264 671 2326; x_wconf 89' lang='lat' dir='ltr'><strong>inducit,</strong></span> <span class='ocrx_word' id='word_1_187' title='bbox 731 2284 939 2336; x_wconf 87' lang='lat' dir='ltr'><strong>eosque</strong></span> <span class='ocrx_word' id='word_1_188' title='bbox 998 2273 1350 2338; x_wconf 89' lang='lat' dir='ltr'><strong>perturbatos</strong></span> <span class='ocrx_word' id='word_1_189' title='bbox 1409 2284 1575 2346; x_wconf 88' lang='lat' dir='ltr'><strong>atque</strong></span> <span class='ocrx_word' id='word_1_190' title='bbox 1632 2274 1773 2326; x_wconf 94' lang='lat' dir='ltr'><strong>alios</strong></span> <span class='ocrx_word' id='word_1_191' title='bbox 1829 2269 1961 2323; x_wconf 91' lang='lat' dir='ltr'><strong>alibi</strong></span> 
     </span>
     <span class='ocr_line' id='line_1_27' title="bbox 210 2349 1965 2430; baseline 0.003 -29"><span class='ocrx_word' id='word_1_192' title='bbox 210 2349 515 2401; x_wconf 87' lang='lat' dir='ltr'><strong>resistentis</strong></span> <span class='ocrx_word' id='word_1_193' title='bbox 557 2349 850 2409; x_wconf 83' lang='lat' dir='ltr'><strong>interficit3</strong></span> <span class='ocrx_word' id='word_1_194' title='bbox 896 2352 1100 2407; x_wconf 89' lang='lat' dir='ltr'><strong>deinde</strong></span> <span class='ocrx_word' id='word_1_195' title='bbox 1131 2359 1411 2430; x_wconf 87' lang='lat' dir='ltr'><strong>utrimque</strong></span> <span class='ocrx_word' id='word_1_196' title='bbox 1455 2379 1525 2411; x_wconf 81' lang='lat' dir='ltr'><strong>ex</strong></span> <span class='ocrx_word' id='word_1_197' title='bbox 1567 2358 1836 2411; x_wconf 91' lang='lat' dir='ltr'><strong>lateribus</strong></span> <span class='ocrx_word' id='word_1_198' title='bbox 1873 2373 1965 2407; x_wconf 92' lang='lat' dir='ltr'><strong>ce-</strong></span> 
     </span>
     <span class='ocr_line' id='line_1_28' title="bbox 208 2432 1962 2512; baseline 0.003 -29"><span class='ocrx_word' id='word_1_199' title='bbox 208 2441 355 2484; x_wconf 90' lang='lat' dir='ltr'><strong>teros</strong></span> <span class='ocrx_word' id='word_1_200' title='bbox 399 2432 747 2503; x_wconf 81' lang='lat' dir='ltr'><strong>adgreditur.</strong></span> <span class='ocrx_word' id='word_1_201' title='bbox 853 2434 1108 2493; x_wconf 90' lang='lat' dir='ltr'><strong>Manlius</strong></span> <span class='ocrx_word' id='word_1_202' title='bbox 1158 2454 1211 2496; x_wconf 89' lang='lat' dir='ltr'><strong>et</strong></span> <span class='ocrx_word' id='word_1_203' title='bbox 1248 2445 1606 2499; x_wconf 87' lang='lat' dir='ltr'><strong>Faesulanus</strong></span> <span class='ocrx_word' id='word_1_204' title='bbox 1663 2445 1719 2496; x_wconf 88' lang='lat' dir='ltr'><strong>in</strong></span> <span class='ocrx_word' id='word_1_205' title='bbox 1767 2439 1962 2512; x_wconf 86' lang='lat' dir='ltr'><strong>primis</strong></span> 
     </span>
     <span class='ocr_line' id='line_1_29' title="bbox 210 2516 1960 2602; baseline 0.006 -29"><span class='ocrx_word' id='word_1_206' title='bbox 210 2525 530 2586; x_wconf 80' lang='lat' dir='ltr'><strong>pugnantes</strong></span> <span class='ocrx_word' id='word_1_207' title='bbox 585 2516 814 2570; x_wconf 81' lang='lat' dir='ltr'><strong>cadunt</strong></span> <span class='ocrx_word' id='word_1_208' title='bbox 901 2519 1170 2587; x_wconf 67' lang='lat' dir='ltr'><strong>Citilina,</strong></span> <span class='ocrx_word' id='word_1_209' title='bbox 1214 2540 1512 2602; x_wconf 79' lang='lat' dir='ltr'><strong>postquam</strong></span> <span class='ocrx_word' id='word_1_210' title='bbox 1568 2530 1723 2583; x_wconf 82' lang='lat' dir='ltr'><strong>fusas</strong></span> <span class='ocrx_word' id='word_1_211' title='bbox 1768 2524 1960 2595; x_wconf 79' lang='lat' dir='ltr'><strong>copias</strong></span> 
     </span>
     <span class='ocr_line' id='line_1_30' title="bbox 208 2601 1956 2702; baseline 0.007 -51"><span class='ocrx_word' id='word_1_212' title='bbox 208 2617 380 2669; x_wconf 89' lang='lat' dir='ltr'><strong>seque</strong></span> <span class='ocrx_word' id='word_1_213' title='bbox 411 2616 539 2651; x_wconf 91' lang='lat' dir='ltr'><strong>cum</strong></span> <span class='ocrx_word' id='word_1_214' title='bbox 569 2601 767 2669; x_wconf 88' lang='lat' dir='ltr'><strong>paucis</strong></span> <span class='ocrx_word' id='word_1_215' title='bbox 798 2606 1055 2661; x_wconf 89' lang='lat' dir='ltr'><strong>relictum</strong></span> <span class='ocrx_word' id='word_1_216' title='bbox 1085 2613 1256 2673; x_wconf 88' lang='lat' dir='ltr'><strong>videt,</strong></span> <span class='ocrx_word' id='word_1_217' title='bbox 1287 2633 1502 2667; x_wconf 87' lang='lat' dir='ltr'><strong>mernor</strong></span> <span class='ocrx_word' id='word_1_218' title='bbox 1531 2614 1759 2685; x_wconf 82' lang='lat' dir='ltr'><strong>generis</strong></span> <span class='ocrx_word' id='word_1_219' title='bbox 1791 2620 1956 2702; x_wconf 38' lang='lat' dir='ltr'><strong>atq-ue</strong></span> 
     </span>
    </p>

    <p class='ocr_par' dir='ltr' id='par_1_7' title="bbox 125 2683 1960 2841">
     <span class='ocr_line' id='line_1_31' title="bbox 125 2683 1960 2762; baseline 0.008 -29"><span class='ocrx_word' id='word_1_220' title='bbox 125 2694 180 2736; x_wconf 85' lang='lat'><strong>30</strong></span> <span class='ocrx_word' id='word_1_221' title='bbox 209 2683 475 2752; x_wconf 85' lang='lat' dir='ltr'><strong>pristinae</strong></span> <span class='ocrx_word' id='word_1_222' title='bbox 518 2702 654 2738; x_wconf 86' lang='lat' dir='ltr'><strong>suae</strong></span> <span class='ocrx_word' id='word_1_223' title='bbox 697 2689 1009 2762; x_wconf 83' lang='lat' dir='ltr'><strong>dignitatis,</strong></span> <span class='ocrx_word' id='word_1_224' title='bbox 1056 2699 1109 2750; x_wconf 88' lang='lat' dir='ltr'><strong>in</strong></span> <span class='ocrx_word' id='word_1_225' title='bbox 1156 2699 1617 2752; x_wconf 89' lang='lat' dir='ltr'><strong>confertissumos</strong></span> <span class='ocrx_word' id='word_1_226' title='bbox 1660 2696 1836 2750; x_wconf 91' lang='lat' dir='ltr'><strong>hostis</strong></span> <span class='ocrx_word' id='word_1_227' title='bbox 1877 2693 1960 2743; x_wconf 83' lang='lat' dir='ltr'><strong>in-</strong></span> 
     </span>
     <span class='ocr_line' id='line_1_32' title="bbox 207 2767 1286 2846; baseline 0.007 -19"><span class='ocrx_word' id='word_1_228' title='bbox 207 2766 620 2838; x_wconf 81' lang='lat' dir='ltr'><strong>curllt,1b1que</strong></span> <span class='ocrx_word' id='word_1_229' title='bbox 650 2790 918 2846; x_wconf 80' lang='lat' dir='ltr'><strong>pugnans</strong></span> <span class='ocrx_word' id='word_1_230' title='bbox 950 2783 1286 2835; x_wconf 89' lang='lat' dir='ltr'><strong>confoditur.</strong></span> 
     </span>
    </p>

    <p class='ocr_par' dir='ltr' id='par_1_8' title="bbox 207 2851 1956 3104">
     <span class='ocr_line' id='line_1_33' title="bbox 279 2851 1956 2959; baseline 0.004 -49"><span class='ocrx_word' id='word_1_231' title='bbox 279 2872 347 2910; x_wconf 84' lang='lat'><strong>61.</strong></span> <span class='ocrx_word' id='word_1_232' title='bbox 413 2851 532 2904; x_wconf 90' lang='lat' dir='ltr'><strong>Sed</strong></span> <span class='ocrx_word' id='word_1_233' title='bbox 562 2860 819 2914; x_wconf 88' lang='lat' dir='ltr'><strong>confecto</strong></span> <span class='ocrx_word' id='word_1_234' title='bbox 852 2867 1085 2959; x_wconf 82' lang='lat' dir='ltr'><strong>proelio,</strong></span> <span class='ocrx_word' id='word_1_235' title='bbox 1119 2877 1235 2918; x_wconf 89' lang='lat' dir='ltr'><strong>tum</strong></span> <span class='ocrx_word' id='word_1_236' title='bbox 1274 2885 1410 2919; x_wconf 87' lang='lat' dir='ltr'><strong>vero</strong></span> <span class='ocrx_word' id='word_1_237' title='bbox 1453 2884 1716 2919; x_wconf 90' lang='lat' dir='ltr'><strong>cerneres</strong></span> <span class='ocrx_word' id='word_1_238' title='bbox 1746 2875 1956 2936; x_wconf 80' lang='lat' dir='ltr'><strong>quanta</strong></span> 
     </span>
     <span class='ocr_line' id='line_1_34' title="bbox 207 2935 1956 3017; baseline 0.003 -23"><span class='ocrx_word' id='word_1_239' title='bbox 207 2935 447 2987; x_wconf 59' lang='lat' dir='ltr'><strong>audam&amp;</strong></span> <span class='ocrx_word' id='word_1_240' title='bbox 476 2954 800 3017; x_wconf 89' lang='lat' dir='ltr'><strong>quantaque</strong></span> <span class='ocrx_word' id='word_1_241' title='bbox 846 2949 1017 3001; x_wconf 86' lang='lat' dir='ltr'><strong>animi</strong></span> <span class='ocrx_word' id='word_1_242' title='bbox 1058 2950 1141 3002; x_wconf 86' lang='lat' dir='ltr'><strong>vis</strong></span> <span class='ocrx_word' id='word_1_243' title='bbox 1184 2951 1381 3003; x_wconf 91' lang='lat' dir='ltr'><strong>fuisset</strong></span> <span class='ocrx_word' id='word_1_244' title='bbox 1421 2950 1477 3002; x_wconf 91' lang='lat' dir='ltr'><strong>in</strong></span> <span class='ocrx_word' id='word_1_245' title='bbox 1521 2949 1772 3002; x_wconf 82' lang='lat' dir='ltr'><strong>exercitu</strong></span> <span class='ocrx_word' id='word_1_246' title='bbox 1803 2948 1956 3002; x_wconf 89' lang='lat' dir='ltr'><strong>Cati-</strong></span> 
     </span>
     <span class='ocr_line' id='line_1_35' title="bbox 208 3017 1953 3104; baseline 0.01 -37"><span class='ocrx_word' id='word_1_247' title='bbox 208 3017 375 3071; x_wconf 90' lang='lat' dir='ltr'><strong>linae.</strong></span> <span class='ocrx_word' id='word_1_248' title='bbox 436 3023 591 3079; x_wconf 90' lang='lat' dir='ltr'><strong>Nam</strong></span> <span class='ocrx_word' id='word_1_249' title='bbox 622 3030 738 3083; x_wconf 75' lang='lat' dir='ltr'><strong>fere</strong></span> <span class='ocrx_word' id='word_1_250' title='bbox 768 3051 934 3102; x_wconf 88' lang='lat' dir='ltr'><strong>quem</strong></span> <span class='ocrx_word' id='word_1_251' title='bbox 967 3033 1206 3104; x_wconf 89' lang='lat' dir='ltr'><strong>quisque</strong></span> <span class='ocrx_word' id='word_1_252' title='bbox 1235 3034 1392 3087; x_wconf 80' lang='lat' dir='ltr'><strong>vivos</strong></span> <span class='ocrx_word' id='word_1_253' title='bbox 1423 3053 1604 3104; x_wconf 79' lang='lat' dir='ltr'><strong>pugn</strong></span> <span class='ocrx_word' id='word_1_254' title='bbox 1589 3033 1737 3085; x_wconf 87' lang='lat' dir='ltr'><strong>ando</strong></span> <span class='ocrx_word' id='word_1_255' title='bbox 1765 3033 1953 3084; x_wconf 93' lang='lat' dir='ltr'><strong>locum</strong></span> 
     </span>
    </p>

    <p class='ocr_par' dir='ltr' id='par_1_9' title="bbox 127 3115 1953 3185">
     <span class='ocr_line' id='line_1_36' title="bbox 127 3115 1953 3185; baseline 0.005 -26"><span class='ocrx_word' id='word_1_256' title='bbox 127 3115 180 3159; x_wconf 86' lang='lat'><strong>35</strong></span> <span class='ocrx_word' id='word_1_257' title='bbox 209 3117 454 3172; x_wconf 75' lang='lat' dir='ltr'><strong>ceperat,</strong></span> <span class='ocrx_word' id='word_1_258' title='bbox 501 3130 628 3164; x_wconf 87' lang='lat' dir='ltr'><strong>eum</strong></span> <span class='ocrx_word' id='word_1_259' title='bbox 675 3116 881 3166; x_wconf 83' lang='lat' dir='ltr'><strong>amissa</strong></span> <span class='ocrx_word' id='word_1_260' title='bbox 926 3117 1115 3168; x_wconf 85' lang='lat' dir='ltr'><strong>anima</strong></span> <span class='ocrx_word' id='word_1_261' title='bbox 1158 3135 1392 3185; x_wconf 75' lang='lat' dir='ltr'><strong>cor-pore</strong></span> <span class='ocrx_word' id='word_1_262' title='bbox 1434 3118 1680 3183; x_wconf 58' lang='lat' dir='ltr'><strong>tegebat</strong></span> <span class='ocrx_word' id='word_1_263' title='bbox 1778 3116 1953 3168; x_wconf 87' lang='lat' dir='ltr'><strong>Pauci</strong></span> 
     </span>
    </p>

    <p class='ocr_par' dir='ltr' id='par_1_10' title="bbox 169 3197 1952 3273">
     <span class='ocr_line' id='line_1_37' title="bbox 169 3197 1952 3273; baseline 0.009 -37"><span class='ocrx_word' id='word_1_264' title='bbox 169 3210 175 3217; x_wconf 90' lang='lat'><strong>·</strong></span> <span class='ocrx_word' id='word_1_265' title='bbox 208 3197 414 3252; x_wconf 88' lang='lat' dir='ltr'><strong>autem,</strong></span> <span class='ocrx_word' id='word_1_266' title='bbox 448 3213 588 3264; x_wconf 90' lang='lat' dir='ltr'><strong>quos</strong></span> <span class='ocrx_word' id='word_1_267' title='bbox 621 3199 834 3250; x_wconf 88' lang='lat' dir='ltr'><strong>medios</strong></span> <span class='ocrx_word' id='word_1_268' title='bbox 874 3200 1076 3251; x_wconf 80' lang='lat' dir='ltr'><strong>cohors</strong></span> <span class='ocrx_word' id='word_1_269' title='bbox 1119 3201 1398 3268; x_wconf 86' lang='lat' dir='ltr'><strong>praetoria</strong></span> <span class='ocrx_word' id='word_1_270' title='bbox 1430 3201 1748 3273; x_wconf 88' lang='lat' dir='ltr'><strong>disjecerat,</strong></span> <span class='ocrx_word' id='word_1_271' title='bbox 1784 3201 1952 3268; x_wconf 90' lang='lat' dir='ltr'><strong>paulo</strong></span> 
     </span>
    </p>
   </div>
  </div>
 </body>
</html>
