2155 3447
296 99 331 153 4
686 80 742 133 Τ
733 81 800 132 be
839 80 1190 150 Conspiracy
1233 81 1310 148 of
1343 79 1612 132 Catilina.
1867 96 2043 153 [ΒΑΗ.

294 245 422 298 tatis
450 255 673 315 tempus
715 243 1029 305 admonuit,
1063 261 1233 312 supra
1274 251 1529 312 repetere
1559 260 1627 295 ac
1663 243 1861 312 paucis
1891 243 2047 296 insti-

294 338 410 382 tuta
436 328 714 400 majorum
737 327 889 380 domi
909 327 1276 396 militiaeque,
1300 344 1410 395 quo
1431 326 1599 378 modo
1617 326 1738 377 rem
1758 326 2045 395 publicam

296 412 596 464 habuerint
624 421 1010 482 quantamque
1051 409 1401 479 reliquerint,
1434 417 1493 460 ut
1531 409 1801 477 paulatim
1843 409 2046 461 immu-

293 504 406 547 tata
436 513 507 547 ex
536 495 943 565 pulcherruma
966 500 1138 561 atque
1161 498 1392 562 optuma
1422 509 1690 561 pessuma
1715 509 1782 544 ac
1804 491 2046 563 flagitio-

211 596 233 639 5
295 579 536 632 sissuma
565 578 714 630 facta
743 577 832 638 sit,
867 575 1165 628 disserere.

367 677 412 714 6.
453 662 669 715 Urbem
691 661 965 719 Romam,
992 658 1154 710 sicuti
1179 677 1287 729 ego
1308 658 1524 727 accepi,
1547 658 1852 710 condidere
1877 668 2044 729 atque

295 747 546 798 habuere
587 745 740 797 initio
781 742 1040 814 Trojani,
1085 741 1180 812 qui
1219 741 1420 793 Aenea
1459 743 1601 793 duce
1644 741 1870 812 profugi
1901 742 2045 794 sedi-

293 831 397 882 bus
426 829 653 881 incertis
682 827 1061 898 vagabantur,
1091 843 1334 895 cumque
1360 825 1439 877 eis
1462 824 1832 895 Aborigines,
1861 842 2044 895 genus

294 913 587 966 hominum
623 920 867 981 agreste,
901 910 1022 961 sine
1066 909 1313 979 legibus,
1346 908 1466 960 sine
1509 908 1769 977 imperio,
1801 908 2042 960 liberum

214 1021 266 1051 10
294 1006 459 1066 atque
514 996 774 1047 solutum.
859 993 933 1044 Hi
989 1002 1287 1062 postquam
1352 992 1409 1042 in
1463 1009 1576 1043 una
1634 991 1857 1044 moenia
1912 1010 2044 1044 con-=

291 1096 519 1140 venere,
554 1077 764 1146 dispari
804 1094 1037 1148 genere,
1071 1075 1332 1128 dissimili
1364 1076 1582 1146 lingua,
1619 1075 1711 1126 alii
1742 1075 1853 1128 alio
1889 1094 2042 1129 more

291 1163 565 1223 viventes,
618 1160 948 1213 incredibile
997 1169 1309 1211 memoratu
1360 1168 1443 1211 est
1490 1176 1661 1229 quam
1707 1158 1872 1211 facile
1915 1177 2042 1212 coa-

291 1246 513 1298 luerint.
598 1244 717 1297 Sed
769 1254 1066 1314 postquam
1115 1261 1206 1295 res
1256 1260 1473 1304 eorum,
1526 1242 1745 1294 civibus
1793 1243 2043 1296 moribus

291 1329 443 1399 agris
475 1338 659 1389 aucta,
694 1328 827 1379 satis
863 1344 1133 1396 prospera
1177 1326 1425 1396 satisque
1468 1327 1691 1396 pollens
1720 1325 2038 1388 videbatur,

214 1435 260 1479 15
290 1413 451 1464 sicuti
493 1413 763 1482 pleraque
806 1411 1127 1462 mortalium
1178 1411 1478 1471 habentur,
1526 1410 1739 1461 invidia
1782 1428 1854 1461 ex
1903 1429 2043 1479 opu-

289 1496 460 1547 lentia
501 1506 621 1548 orta
661 1504 761 1547 est.
847 1494 1029 1564 Igitur
1067 1512 1233 1564 reges
1276 1494 1584 1564 populique
1624 1493 1862 1545 finitumi
1892 1495 2041 1547 bello

287 1588 585 1649 temptare,
639 1577 806 1648 pauci
856 1596 927 1629 ex
975 1577 1172 1629 amicis
1220 1577 1431 1630 auxilio
1481 1596 1641 1638 esse3
1692 1595 1825 1629 nam
1871 1578 2039 1629 ceteri

289 1672 439 1714 metu
479 1662 724 1731 perculsi
766 1679 797 1713 a
840 1660 1105 1730 periculis
1147 1661 1400 1713 aberant.
1481 1660 1561 1713 At
1599 1661 1850 1713 Romani
1889 1662 2039 1713 domi

290 1746 633 1816 militiaeque
657 1744 852 1796 intenti
876 1744 1163 1805 festinare,
1190 1762 1414 1813 parare,
1440 1745 1582 1796 alius
1608 1745 1779 1796 alium
1805 1744 2036 1807 hortari,

209 1850 263 1879 20
290 1829 540 1881 hostibus
584 1829 810 1881 obviam
856 1827 958 1889 ire,
1007 1828 1322 1879 libertatem
1378 1829 1620 1898 patriam
1676 1829 2039 1900 parentisque

289 1912 459 1964 armis
493 1922 704 1983 tegere.
789 1911 941 1972 Post,
983 1911 1077 1963 ubi
1117 1912 1369 1980 pericula
1407 1912 1608 1964 virtute
1648 1914 2035 1983 propulerant,

288 1996 453 2048 sociis
485 2006 650 2066 atque
681 1995 877 2047 amicis
909 1994 1121 2047 auxilia
1152 1996 1471 2064 portabant,
1506 1997 1805 2068 magisque
1835 1997 2037 2049 dandis

287 2098 458 2150 quam
489 2079 842 2148 accipiundis
870 2079 1149 2131 benificiis
1183 2079 1460 2132 amicitias
1491 2081 1786 2149 parabant.

362 2165 670 2235 Imperium
710 2165 1068 2235 legitumum,
1110 2183 1320 2217 nornen
1360 2166 1562 2235 imperi
1601 2167 1824 2238 regium
1863 2167 2038 2219 habe-

207 2264 258 2307 25
286 2251 454 2302 bant:
498 2249 699 2302 delecti
731 2249 933 2318 quibus
963 2266 1168 2318 corpus
1205 2249 1369 2301 annis
1400 2250 1709 2310 infirmum,
1743 2250 2033 2321 ingenium

287 2333 564 2402 sapientia
606 2333 858 2384 validum
901 2342 1038 2393 erat,
1082 2333 1162 2385 rei
1205 2333 1468 2402 publicae
1512 2334 1942 2385 consultabant:
1987 2333 2033 2385 ei

286 2418 374 2468 vel
406 2426 585 2468 aetate
614 2417 704 2468 vel
736 2434 905 2468 curae
946 2416 1314 2469 similitudine
1351 2426 1538 2486 patres
1577 2417 2030 2485 appellabantur.

287 2500 439 2561 Post,
473 2501 567 2551 ubi
610 2500 828 2571 regium
874 2500 1198 2569 imperium,
1231 2501 1383 2570 quod
1413 2500 1568 2552 initio
1609 2500 2036 2551 conservandae

287 2584 555 2636 libertatis
587 2593 750 2653 atque
783 2585 1086 2654 augendae
1116 2583 1195 2635 rei
1228 2584 1488 2652 publicae
1521 2583 1721 2643 fuerat,
1758 2583 1810 2634 in
1842 2601 2036 2652 super-

205 2688 261 2729 30
286 2668 436 2719 biam
486 2665 1070 2737 dominationemque
1085 2685 1144 2719 56
1195 2667 1489 2728 convomit,
1538 2667 1829 2718 immutato
1878 2683 2034 2717 more

288 2768 475 2803 annua
519 2750 758 2842 imperia
807 2752 1082 2820 binosque
1132 2750 1500 2819 imperatores
1549 2749 1652 2801 sibi
1698 2750 1917 2801 fecere.
1968 2766 2034 2813 eo

289 2835 452 2887 modo
484 2835 733 2886 minume
759 2852 925 2903 posse
955 2834 1227 2903 putabant
1257 2850 1357 2902 per
1380 2832 1665 2884 licentiam
1689 2831 2033 2884 insolescere

287 2919 535 2970 animum
581 2920 918 2969 humanum.
1000 2931 1044 2968 7.
1088 2916 1203 2968 Sed
1236 2933 1301 2967 ea
1335 2925 1669 2984 tempestate
1700 2933 1939 2984 coepexe
1974 2933 2033 2966 se

285 3002 520 3072 quisque
545 3002 732 3072 magis
755 3001 1026 3052 extollere
1051 3000 1348 3069 magisque
1372 2999 1666 3069 ingenium
1691 2998 1748 3049 in
1771 3008 2032 3067 promptu

205 3098 258 3144 35
287 3086 517 3138 habere.
601 3085 754 3137 Nam
800 3083 1032 3155 regibus
1078 3083 1209 3134 boni
1252 3099 1423 3152 quam
1469 3081 1603 3133 mali
1657 3080 2032 3151 suspectiores

286 3180 432 3222 sunt.
467 3185 803 3239 semperque
828 3167 908 3219 eis
939 3166 1124 3218 aliena
1147 3165 1322 3218 virtus
1352 3164 1721 3218 formidulosa
1751 3173 1851 3217 est.
1915 3163 2030 3217 Sed
