2155 3447
213 113 331 153 CAT.
373 110 466 167 41.]
829 109 944 161 lee
983 108 1345 177 Allobroges.
1878 120 1944 171 23

212 276 351 327 alios
406 275 762 336 sollicitabat,
820 291 1004 343 neque
1062 273 1243 325 solum
1311 271 1470 332 civis,
1529 269 1628 323 sed
1673 268 1945 340 cujusque

210 364 360 416 modi
410 382 592 436 genus
641 364 956 424 hominum,
1004 363 1155 432 quod
1201 362 1367 413 modo
1411 361 1562 412 bello
1609 358 1736 410 usui
1780 358 1940 410 foret.

209 462 286 498 40.
343 447 522 518 Igitur
575 447 641 498 P.
700 447 992 499 Umbreno
1055 445 1281 497 cuidam
1347 443 1638 515 negotium
1695 442 1809 501 dat,
1866 442 1944 493 uti

209 531 427 601 legatos
452 528 826 600 Allobrogum
851 529 1117 598 requirat,
1146 546 1375 597 eosque,
1402 527 1446 578 si
1476 525 1673 595 possit,
1694 525 1947 594 impellat

210 614 282 665 ad
330 613 651 665 societatem
693 612 848 672 belli,
899 612 1248 663 existumans
1293 610 1517 679 publice
1571 609 1989 679 privatimque5

210 715 339 748 aere
395 696 576 748 alieno
623 713 945 764 oppreSSOS,
997 704 1289 763 praeterea
1343 694 1493 763 quod
1547 702 1746 744 natura
1803 710 1945 764 gens

210 779 433 832 Gallica
479 779 749 831 bellicosa
799 787 963 839 esset,
1017 778 1182 829 facile
1232 795 1328 829 eos
1379 777 1450 828 ad
1490 777 1601 828 tale
1648 776 1944 828 consilium

210 863 414 915 adduci
456 880 640 931 posse.
724 861 1073 921 Umbrenus,
1106 861 1255 930 quod
1297 860 1352 911 in
1392 859 1582 912 Gallia
1624 859 1946 930 negotiatus

209 956 346 1007 erat,
379 945 661 1015 plerisque
690 945 1039 1014 principibus
1078 944 1387 996 civitatium
1417 953 1583 995 notus
1623 951 1742 994 erat
1781 951 1946 1012 atque

209 1047 304 1081 eos
333 1038 585 1082 noverat.
656 1028 852 1097 Itaque
883 1028 1003 1079 sine
1033 1045 1212 1087 mora,
1244 1027 1339 1078 ubi
1370 1027 1613 1095 primum
1643 1025 1862 1096 legatos
1890 1025 1946 1076 in
1973 1050 2021 1080 10

208 1113 327 1164 foro
357 1111 669 1180 conspexit,
701 1120 1060 1180 percontatus
1100 1127 1282 1179 pauca
1313 1110 1382 1161 de
1423 1118 1564 1161 statu
1605 1108 1863 1169 civitatis,
1896 1117 1949 1159 et

208 1195 367 1265 quasi
397 1196 594 1247 dolens
624 1195 743 1265 ejus
773 1211 989 1254 casum,
1016 1193 1302 1263 requirere
1332 1192 1517 1261 coepit
1537 1210 1704 1261 quem
1735 1192 1946 1243 exitum

207 1278 373 1330 tantis
404 1278 567 1329 malis
606 1286 915 1345 sperarent.
1000 1276 1312 1346 Postquam
1349 1276 1474 1327 illos
1512 1275 1663 1326 videt
1691 1274 1849 1344 queri
1879 1275 1948 1326 de

209 1361 441 1412 avaritia
473 1361 927 1430 magistratuum,
974 1377 1243 1411 accusare
1287 1370 1549 1411 senatum
1592 1358 1743 1427 quod
1784 1358 1839 1408 in
1882 1376 1948 1409 eo

209 1444 383 1495 auxili
437 1444 576 1494 nihil
631 1453 797 1504 esset,
857 1443 1097 1495 miseriis
1166 1443 1280 1494 suis
1341 1441 1655 1493 remedium
1711 1451 1946 1493 mortem
1975 1464 2022 1506 15

208 1538 529 1596 expectare,
569 1525 677 1578 ‘At
724 1527 865 1596 ego’
916 1526 1094 1596 inquit
1141 1526 1350 1586 ‘vobiS,
1385 1525 1430 1576 si
1474 1525 1639 1576 modo
1681 1524 1782 1575 viri
1826 1542 1949 1576 esse

206 1611 390 1671 Voltis,
423 1611 696 1662 rationem
728 1611 1045 1669 ostendam,
1072 1627 1183 1679 qua
1211 1618 1366 1660 tanta
1396 1608 1499 1660 ista
1531 1608 1681 1658 mala
1710 1607 1949 1679 effugia-

207 1694 315 1745 tiS.’
396 1693 558 1745 Haec
598 1693 692 1744 ubi
735 1693 894 1752 dixit,
929 1692 1274 1762 Allobroges
1315 1692 1372 1743 in
1416 1709 1745 1743 maxumum
1789 1709 1948 1760 spem

209 1777 434 1829 adducti
479 1777 836 1829 Umbrenum
887 1794 1070 1835 orare,
1121 1785 1180 1826 ut
1225 1775 1309 1826 sui
1356 1775 1747 1835 misereretur3
1810 1775 1949 1826 nihil

207 1871 319 1912 tam
351 1879 614 1929 asperum
643 1877 826 1929 neque
855 1869 969 1911 tam
1014 1859 1239 1911 difficile
1271 1876 1414 1918 esse,
1448 1859 1598 1927 quod
1640 1878 1752 1910 non
1795 1859 1952 1927 cupi·
1974 1882 2028 1911 20

208 1945 455 1996 dissume
512 1943 710 1995 facturi
765 1952 971 2003 essent,
1030 1943 1162 1994 dum
1219 1960 1285 1993 ea
1340 1960 1428 1992 res
1483 1941 1763 1993 civitatem
1821 1960 1949 1993 aere

208 2027 393 2078 alieno
421 2027 702 2077 liberaret.
776 2025 878 2076 Ille
909 2044 1004 2077 eos
1033 2026 1089 2076 in
1120 2026 1349 2077 domum
1382 2025 1454 2075 D.
1485 2023 1640 2076 Bruti
1671 2026 1946 2093 perducit,

208 2111 358 2180 quod
387 2110 506 2161 foro
536 2109 852 2178 propinqua
882 2118 1019 2168 erat,
1055 2127 1237 2177 neque
1270 2108 1454 2159 aliena
1485 2108 1683 2159 consili
1724 2118 1950 2177 propter

209 2192 644 2262 Semproniam3
713 2210 846 2243 nam
912 2202 1029 2243 tum
1085 2190 1292 2242 Brutus
1348 2191 1418 2242 ab
1474 2190 1664 2242 Roma
1732 2192 1944 2242 aberat.

209 2275 509 2328 Praeterea
565 2275 874 2327 Gabinium
924 2275 1180 2335 accersit,
1239 2293 1349 2344 quo
1403 2274 1584 2345 major
1649 2274 1949 2326 auctoritas
1977 2298 2027 2341 25

210 2358 455 2411 sermoni
484 2359 711 2410 inesset.
796 2358 881 2410 Eo
917 2367 1216 2427 praesente
1257 2357 1704 2428 conjurationem
1747 2357 1946 2427 aperit,

209 2442 462 2494 nominat
515 2443 717 2502 SOCiOS,
776 2452 1069 2511 praeterea
1137 2442 1341 2492 multos
1397 2441 1670 2512 cujusque
1724 2441 1951 2511 generis

210 2526 491 2585 innoxiOS,
537 2544 647 2595 quo
695 2525 899 2595 legatis
949 2525 1170 2576 animus
1221 2524 1462 2592 amplior
1509 2533 1688 2585 esset3
1745 2525 1950 2577 deinde

211 2627 306 2661 eos
349 2608 624 2677 pollicitos
663 2626 896 2677 operam
938 2626 1097 2660 suam
1141 2608 1369 2659 domum
1413 2607 1652 2660 dimittit.
1724 2621 1790 2657 41.
1835 2607 1950 2661 Sed

210 2691 554 2762 Allobroges
600 2692 694 2743 diu
742 2692 799 2743 in
844 2692 1055 2743 incerto
1104 2692 1376 2749 habuere,
1429 2691 1701 2760 quidnam
1753 2691 1948 2743 consili
1982 2716 2035 2757 30

211 2772 497 2844 caperent.
583 2775 648 2826 In
687 2775 862 2826 altera
899 2785 1056 2844 parte
1102 2783 1221 2826 erat
1262 2792 1358 2826 aes
1403 2774 1672 2835 alienum,
1705 2774 1949 2826 studium

212 2859 365 2920 belli,
411 2876 623 2929 magna
679 2876 896 2910 merces
951 2858 1007 2909 in
1058 2876 1156 2927 spe
1197 2857 1500 2916 victoriae3
1559 2867 1614 2909 at
1664 2857 1722 2908 in
1778 2858 1951 2909 altera

212 2942 453 3014 majores
507 2960 665 3011 opeS,
722 2951 839 2994 tuta
896 2942 1153 3002 consilia,
1212 2960 1312 3010 pro
1366 2941 1579 2993 incerta
1633 2959 1733 3010 spe
1800 2951 1951 2994 certa

212 3026 483 3095 praemia.
571 3025 735 3078 Haec
763 3027 871 3078 illis
910 3026 1265 3078 volventibus
1294 3026 1522 3077 tandem
1562 3025 1694 3078 vicit
1730 3025 1951 3078 fortuna

212 3110 290 3162 rei
332 3111 615 3180 publicae.
700 3110 894 3181 Itaque
940 3110 1027 3183 Q
1058 3111 1234 3163 Fabio
1278 3110 1532 3181 Sangae,
1567 3110 1726 3183 cujus
1768 3119 1954 3180 patro·
1980 3129 2033 3173 35

164 3192 358 3249 ,cinio
414 3194 608 3247 civitas
661 3195 985 3264 plurumum
1045 3195 1322 3256 utebatur,
1381 3213 1497 3247 rem
1560 3213 1809 3256 omnem,
1874 3194 1949 3247 uti
