2155 3447
243 87 361 129 CAT-
397 86 486 142 31·]
749 85 956 138 Action
1000 86 1077 154 of
1101 85 1193 136 the
1234 83 1463 135 Senate.
1914 86 1971 144 17

236 248 351 309 bat,
383 265 501 299 rem
532 249 603 301 ad
631 258 887 301 senatum
918 248 1105 308 refert,
1131 247 1250 318 jam
1280 255 1446 297 antea
1474 243 1627 314 volgi
1658 241 1976 294 rumoribus

238 330 606 400 exagitatum.
691 331 908 400 Itaque,
935 331 1084 400 quod
1108 331 1439 398 plerumque
1459 328 1516 378 in
1547 326 1719 378 atroci
1749 325 1976 394 negotio

237 413 396 473 solet,
437 423 664 466 senatus
713 413 980 473 decrevit,
1031 412 1266 464 Darem
1312 417 1545 481 operam
1590 408 1861 468 consula,
1909 425 1978 457 ne

237 495 378 564 quid
402 513 491 546 res
508 497 746 566 pzcblz'ca
785 496 1118 547 detrimenti
1150 500 1398 564 caperet.
1483 492 1568 543 Ea
1603 500 1849 560 potestas
1878 507 1977 558 per

235 587 490 628 senatum
558 596 711 630 more
778 579 1043 630 Romano
1111 576 1463 646 magistratui
1526 591 1794 625 maxuma
1852 591 1976 641 per-

237 659 484 721 mittitur,
537 661 846 712 exercitum
893 677 1113 728 parare,
1170 660 1384 711 bellum
1433 675 1654 727 gerere,
1713 660 1973 707 coercere

233 742 495 795 omnibus
550 744 729 795 modis
778 743 959 795 socios
1008 752 1174 811 atque
1220 741 1375 802 civis,
1431 740 1580 792 domi
1632 738 1974 807 militiaeque

235 825 532 894 imperium
563 835 727 895 atque
752 825 1029 897 judicium
1060 842 1345 877 summum
1374 824 1619 874 habere:
1666 821 1824 872 aliter
1853 821 1972 872 sine

234 908 426 976 populi
461 908 623 979 jussu
653 909 861 960 nullius
892 926 1084 960 earum
1117 926 1304 959 rerum
1336 906 1550 959 consuli
1588 905 1679 975 jus
1710 913 1810 956 est.

305 1010 383 1047 30.
424 995 557 1048 Post
586 1015 798 1066 paucos
841 998 981 1057 dies,
1016 996 1085 1048 L.
1122 996 1367 1048 Saenius
1410 1004 1634 1046 senator
1675 993 1731 1043 in
1775 1001 1972 1044 senatu

233 1080 442 1132 litteras
484 1080 756 1140 recitavit,
802 1098 943 1150 quas
984 1079 1243 1131 Faesulis
1294 1078 1512 1130 adlatas
1568 1077 1671 1128 sibi
1726 1076 1970 1135 dicebat,

234 1163 288 1214 in
342 1164 544 1233 quibus
592 1163 857 1231 scriptum
903 1171 1043 1222 erat,
1095 1161 1164 1214 C.
1218 1161 1497 1212 Manlium
1550 1177 1707 1210 arma
1753 1158 1971 1226 cepisse

235 1264 362 1297 cum
422 1263 630 1315 magna
700 1245 1051 1297 multitudine
1120 1254 1246 1296 ante
1314 1244 1464 1295 diem
1530 1258 1612 1305 V71.
1674 1240 1973 1291 Kalendas

236 1328 593 1381 Novembris.
678 1327 882 1388 Simul,
916 1328 973 1380 id
1013 1328 1163 1398 quod
1192 1327 1249 1377 in
1290 1326 1385 1378 tali
1416 1344 1474 1377 re
1517 1325 1676 1384 solet,
1711 1323 1804 1374 alii
1848 1342 1974 1391 por-

230 1422 382 1464 tenta
430 1421 596 1481 atque
639 1411 897 1482 prodigia
939 1411 1290 1469 nuntiabant,
1341 1410 1433 1460 alii
1477 1417 1785 1460 conventus
1828 1407 1969 1466 fieri,

234 1512 390 1547 arma
431 1495 660 1563 portari,
693 1493 930 1563 Capuae
973 1503 1139 1563 atque
1181 1493 1237 1544 in
1275 1492 1488 1560 Apulia
1531 1489 1731 1542 servile
1759 1489 1972 1540 bellum

234 1578 465 1630 moveri.
550 1577 727 1648 Igitur
769 1577 947 1629 senati
989 1578 1213 1628 decreto
1257 1573 1622 1643 QMarcius
1665 1571 1796 1623 Rex
1831 1571 1974 1623 Fae-

233 1662 406 1721 sulas,
441 1660 529 1732 Q
553 1660 821 1712 Metellus
852 1659 1109 1712 Creticus
1148 1659 1205 1710 in
1237 1658 1506 1728 Apuliam
1545 1657 1872 1726 circumque
1907 1673 1973 1707 ea

233 1745 356 1797 loca
405 1743 719 1795 missi—ei
761 1743 979 1814 utrique
1024 1743 1094 1795 ad
1137 1743 1333 1794 urbem
1359 1741 1743 1809 ‚imperatores
1792 1749 1969 1800 erant,

233 1827 483 1897 impediti
515 1845 584 1879 ne
625 1827 1036 1897 triumpharent
1077 1826 1362 1878 calumnia
1404 1842 1737 1893 paucorum,
1771 1824 1973 1893 quibus

233 1911 422 1964 omnia
464 1911 698 1964 honesta
742 1921 906 1981 atque
949 1911 1247 1962 inhonesta
1275 1909 1522 1960 vendere
1565 1926 1684 1959 mos
1730 1917 1975 1965 erat3—

234 1997 332 2049 sed
374 2005 659 2066 praetores
704 1994 790 2066 Q
815 1994 1119 2065 Pompeius
1157 1993 1345 2046 Rufus
1390 1991 1676 2061 Capuam,
1725 1989 1813 2058 Q
1849 1990 1975 2043 Me-

233 2081 396 2133 tellus
438 2081 607 2134 Celer
660 2081 714 2132 in
773 2099 973 2153 agrum
1021 2079 1317 2139 Picenum,
1363 2076 1555 2147 eisque
1612 2076 1971 2145 permissum,

234 2165 308 2216 uti
334 2184 433 2234 pro
463 2176 714 2235 ternpore
746 2176 909 2237 atque
939 2166 1190 2236 periculo
1220 2163 1530 2217 exercitum
1556 2169 1970 2230 compararent.

234 2247 328 2300 Ad
358 2249 486 2310 hoe,
520 2249 564 2301 si
595 2250 720 2319 quis
760 2250 1124 2302 indicavisset
1151 2250 1220 2302 de
1251 2247 1636 2320 conjuratione
1666 2264 1811 2316 quae
1843 2263 1975 2297 con-

232 2340 316 2383 tra
357 2351 474 2383 rem
518 2333 800 2401 publicam
858 2334 1005 2385 facta
1053 2342 1191 2394 erat,
1236 2332 1551 2402 praemium
1594 2348 1755 2383 servo
1810 2330 1976 2381 liber-

233 2424 401 2466 tatem
446 2425 499 2467 et
527 2417 776 2468 sestertia
821 2427 1066 2478 centum,
1100 2417 1275 2468 libero
1318 2415 1707 2485 impunitatem
1740 2414 1859 2486 ejus
1895 2412 1974 2464 rei

234 2507 288 2550 et
315 2500 567 2551 sestertia
585 2500 825 2551 ducenta
849 2519 861 2559 ς
893 2501 1137 2570 itemque
1159 2501 1482 2560 decrevere,
1505 2500 1582 2551 uti
1604 2497 1974 2569 gladiatoriae

235 2581 483 2633 familiae
514 2581 773 2651 Capuam
806 2592 858 2634 et
886 2583 940 2634 in
968 2593 1153 2635 cetera
1178 2583 1484 2652 municipia
1509 2584 1976 2635 distribuerentur

236 2683 336 2733 pro
367 2665 638 2736 cujusque
668 2666 889 2735 opibus,
924 2667 1147 2718 Rornae
1179 2685 1278 2735 per
1306 2676 1476 2718 totam
1517 2667 1715 2718 urbem
1744 2665 1974 2736 vigiliae

237 2748 597 2810 haberentur,
631 2750 823 2819 eisque
855 2750 1100 2802 minores
1131 2750 1493 2821 magistratus
1523 2754 1869 2819 praeessent.

309 2850 377 2887 31.
418 2835 642 2906 Qibus
696 2839 863 2891 rebus
918 2848 1172 2908 permota
1228 2838 1422 2890 civitas
1469 2848 1634 2908 atque
1682 2839 1974 2890 immutata

236 2920 390 2972 urbis
427 2920 600 2973 facies
639 2931 776 2973 erat.
860 2921 950 2973 Ex
989 2939 1212 2974 summa
1255 2922 1464 2973 laetitia
1505 2931 1671 2992 atque
1715 2921 1970 2981 lascivia,

236 3021 381 3073 quae
423 3004 684 3056 diuturna
725 3005 884 3075 quies
918 3014 1234 3074 pepererat,
1267 3015 1496 3073 repente
1534 2993 1717 3057 Omnis
1757 3005 1974 3057 tristitia

236 3085 474 3138 invasit:
518 3087 803 3143 festinare,
835 3088 1139 3156 trepidare,
1172 3105 1355 3157 neque
1393 3088 1517 3140 loco
1546 3105 1730 3157 neque
1761 3087 1973 3140 homini

237 3169 499 3238 cuiquam
553 3170 685 3221 satis
734 3171 988 3231 credere,
1037 3188 1222 3240 neque
1275 3171 1487 3221 bellum
1542 3189 1740 3240 gerere
1791 3188 1974 3239 neque

1129 3288 1149 3297 a

2005 1012 2052 1042 10

2005 1424 2051 1467 15

2001 1840 2056 1870 20

2002 2679 2058 2723 ΞΟ

2005 3106 2054 3147 35
