2155 3447
180 120 299 158 CAT·
345 114 435 170 34]
740 112 946 165 Letter
985 114 1060 180 os
1085 110 1366 162 Manlius.
1853 126 1919 178 19

175 278 397 346 aliaque
449 275 581 328 belli
638 275 890 327 facinora
944 282 1178 343 parent3
1234 289 1357 324 sese
1412 271 1742 340 propediem
1787 289 1916 323 cum

174 377 386 430 magno
417 358 668 411 exercitu
699 358 769 409 ad
800 357 998 409 urbem
1030 356 1419 408 adcessurum.

245 463 320 500 33.
362 447 514 499 Dum
547 447 690 498 haec
729 445 952 497 Romae
992 453 1284 514 geruntur,
1319 441 1386 494 C.
1422 441 1676 493 Manlius
1712 459 1785 493 ex
1814 460 1914 494 suo

175 550 407 584 numero
437 532 655 601 legatos
687 529 759 580 ad
803 527 1086 579 Marcium
1130 526 1358 596 Regem
1402 525 1564 576 mittit
1597 542 1726 576 cum
1756 542 1914 576 man-

173 615 314 667 datis
345 614 580 685 hujusce
611 611 798 663 modi:
849 611 860 632 ‘
881 610 1035 661 Deos
1078 609 1447 677 hominesque
1489 616 1779 668 testamur,
1812 607 1913 658 im·
1936 629 1958 672 5

173 707 413 767 perator,
441 715 544 748 nos
575 712 731 746 arma
761 710 945 763 neque
970 702 1161 744 contra
1186 691 1425 760 patriam
1457 690 1695 758 cepisse,
1731 707 1912 759 neque

172 800 280 851 quo
309 780 622 849 periculum
654 777 777 828 aliis
817 777 1158 835 faceremuS,
1192 775 1292 826 sed
1331 773 1408 825 uti
1453 790 1692 841 corpora
1722 784 1910 824 nostra

172 866 241 915 ab
278 863 480 935 injuria
515 871 630 913 tuta
665 861 879 919 forent3
931 858 1047 929 qui,
1095 857 1305 918 miseri,
1353 866 1605 927 egenteS,
1644 855 1908 907 violentia

173 957 336 1017 atque
391 944 718 998 crudelitate
775 943 1174 1005 feneratorum,
1210 940 1462 1009 plerique
1518 938 1754 1007 patriae,
1813 940 1910 990 sed

170 1048 366 1082 omnes
412 1029 566 1081 fama
621 1038 786 1098 atque
837 1025 1073 1078 fortunis
1129 1034 1390 1093 expertes
1447 1040 1675 1075 sumus:
1728 1039 1911 1091 neque
1941 1052 1990 1082 10

171 1114 432 1184 cuiquam
481 1121 732 1164 nostrum
780 1109 936 1162 licuit
977 1125 1133 1160 more
1180 1107 1454 1178 majorum
1498 1105 1627 1175 lege
1671 1105 1771 1163 uti,
1816 1123 1911 1156 ne-

169 1215 276 1267 que
307 1196 512 1248 amisso
542 1193 879 1264 patrimonio
911 1193 1152 1244 liberum
1183 1208 1385 1258 corpus
1416 1189 1737 1248 habere,—
1758 1197 1911 1239 tanta

169 1280 400 1332 saevitia
429 1279 807 1330 feneratorum
849 1286 1015 1346 atque
1065 1274 1337 1343 praetoris
1369 1272 1487 1323 fuit.
1573 1270 1762 1340 Saepe
1793 1289 1909 1321 ma-

165 1364 314 1437 jores
355 1372 623 1422 vostrum,
660 1361 888 1413 miseriti
932 1359 1112 1429 plebis
1156 1357 1479 1416 Romanae,
1514 1354 1753 1407 decretis
1797 1356 1910 1406 suis

169 1447 391 1516 inopiae
446 1446 565 1517 ejus
619 1444 871 1514 opitulati
928 1453 1076 1503 sunt,
1138 1459 1204 1494 ac
1259 1440 1583 1493 novissume
1639 1439 1910 1490 memoria
1941 1461 1987 1502 15

168 1540 356 1582 nostra
404 1539 629 1599 propter
677 1528 1128 1599 magnitudinem
1177 1525 1321 1577 aeris
1369 1523 1537 1575 alieni
1592 1522 1909 1575 volentibus

168 1614 427 1666 omnibus
457 1612 616 1664 bonis
647 1622 945 1682 argentum
976 1628 1106 1662 aere
1143 1610 1388 1663 solutum
1425 1617 1540 1660 est:
1586 1625 1757 1676 saepe
1787 1606 1908 1675 ipsa

169 1698 382 1766 plebes,
432 1706 525 1747 aut
573 1695 900 1748 dominandi
946 1695 1128 1746 studio
1184 1703 1439 1763 permota
1498 1702 1592 1744 aut
1646 1691 1910 1760 superbia

171 1780 618 1851 magistratuum,
654 1788 868 1829 armata
900 1796 930 1829 a
961 1778 1211 1847 patribus
1243 1777 1490 1830 secessit.
1558 1774 1636 1828 At
1665 1793 1767 1828 nos
1798 1793 1907 1826 non

170 1863 465 1932 imperium
497 1880 677 1932 neque
709 1861 929 1914 divitias
959 1861 1222 1930 petimus,
1246 1879 1486 1931 quarum
1517 1879 1705 1914 rerum
1736 1878 1908 1914 causa
1938 1885 1992 1915 20

167 1948 317 1998 bella
360 1956 523 2016 atque
567 1945 875 1997 certamina
916 1945 1107 1997 omnia
1148 1945 1291 1997 inter
1335 1946 1583 1998 mortalis
1623 1955 1769 2006 sunt,
1811 1947 1908 1998 sed

169 2031 502 2090 libertatem,
555 2047 724 2099 quam
767 2047 934 2081 nemo
975 2030 1157 2081 bonus
1199 2030 1305 2082 nisi
1349 2048 1476 2082 cum
1515 2031 1704 2082 anima
1743 2030 1907 2083 simul

170 2113 381 2165 amittit.
463 2113 549 2164 Te
580 2123 744 2182 atque
774 2122 1027 2164 senatum
1061 2113 1424 2175 obtestamur,
1460 2115 1765 2167 consulatis
1810 2115 1910 2166 mi-

169 2197 308 2249 seris
351 2197 585 2256 civibus,
632 2196 776 2266 legis
831 2196 1197 2265 praesidium,
1242 2199 1392 2267 quod
1442 2199 1706 2270 iniquitas
1750 2218 1911 2269 prae-

167 2281 298 2332 toris
329 2280 548 2349 eripuit,
578 2280 896 2340 restituatis,
925 2298 1067 2332 neve
1099 2281 1260 2333 nobis
1283 2300 1408 2333 eam
1431 2284 1906 2336 necessitudinem
1940 2309 1989 2352 25

168 2364 488 2433 imponatis,
521 2372 580 2415 ut
620 2381 961 2433 quaeramus
1000 2382 1245 2434 quonam
1292 2368 1459 2420 modo
1504 2387 1769 2421 maxume
1812 2368 1906 2420 ulti

169 2446 505 2517 sanguinem
535 2457 784 2498 nostrum
815 2450 1150 2516 pereamus.’
1227 2465 1303 2502 34.
1346 2450 1438 2504 Ad
1469 2453 1611 2505 haec
1644 2452 1729 2521 Q
1754 2452 1912 2504 Mar-

169 2531 287 2581 cius
341 2530 675 2598 respondet:
733 2529 794 2581 Si
837 2531 972 2601 quid
1019 2534 1087 2585 ab
1132 2546 1329 2588 senatu
1373 2546 1561 2606 petere
1604 2537 1796 2598 velint,
1839 2536 1910 2588 ab

169 2613 337 2665 armis
376 2613 690 2674 discedant,
723 2613 972 2667 Romam
1015 2619 1299 2688 supplices
1338 2620 1799 2689 proficiscantur;
1844 2636 1909 2671 ea

169 2696 598 2747 mansuetudine
643 2707 807 2767 atque
852 2700 1235 2754 misericordia
1266 2713 1520 2754 senatum
1565 2703 1758 2772 populi
1793 2702 1910 2754 Ro·
1936 2721 1990 2763 30

171 2778 320 2829 mani
365 2796 588 2848 semper
629 2780 821 2844 fuisse,
857 2794 915 2836 ut
961 2803 1128 2837 nemo
1169 2804 1439 2855 umquam
1487 2787 1556 2837 ab
1603 2804 1667 2838 eo
1708 2786 1910 2838 frustra

169 2861 443 2913 auxilium
473 2862 746 2931 petiverit.

240 2949 319 3003 At
347 2950 594 3005 Catilina
639 2972 710 3006 ex
752 2955 947 3008 itinere
983 2957 1266 3028 plerisque
1302 2958 1715 3020 consularibus,
1749 2975 1911 3028 prae-

167 3043 319 3086 terea
360 3046 590 3105 optumo
634 3038 857 3107 cuique,
897 3039 1106 3092 litteras
1149 3041 1343 3092 mittit:
1403 3040 1500 3106 Se,
1529 3041 1685 3094 falsis
1727 3041 1910 3093 crimi-

168 3117 332 3170 nibus
400 3119 870 3181 circumventum,
923 3122 1190 3191 quoniam
1258 3123 1484 3176 factioni
1550 3124 1909 3176 inimicorum
1943 3144 1994 3190 35

169 3201 424 3253 resistere
482 3203 814 3272 nequiverit,
874 3204 1130 3256 fortunae
1186 3206 1421 3261 cedere:
1480 3206 1798 3260 Massiliam
1853 3207 1912 3257 in
