2155 3447
116 86 235 129 CAT.
274 85 360 141 12.]
436 68 624 120 Later
669 67 882 118 Wealtlz
912 67 1032 117 and
1055 66 1305 135 Luxury
1334 66 1623 134 ffRome.
1819 77 1847 132 7

113 233 335 292 desunt,
388 229 530 283 dolis
581 238 746 300 atque
789 229 1030 281 fallaciis
1076 228 1375 280 contendit.
1456 226 1712 279 Avaritia
1757 245 1851 296 pe-

113 314 313 366 cuniae
343 312 589 365 studium
621 313 808 372 habet,
843 329 1012 380 quam
1044 329 1209 362 nemo
1241 310 1466 378 sapiens
1497 310 1849 378 concupivit:

113 415 179 448 ea
233 396 392 467 quasi
448 395 684 447 venenis
741 394 903 445 malis
958 394 1170 445 imbuta
1227 410 1430 460 corpus
1487 392 1849 462 animumque

110 480 328 532 virilem
358 478 667 537 effeminat,
697 494 922 545 semper
950 476 1166 526 infinita
1186 475 1517 527 insatiabilis
1538 484 1639 535 est,
1667 493 1850 544 neque

112 563 273 631 copia
304 579 485 632 neque
515 560 707 630 inopia
738 559 1022 610 minuitur.
1096 557 1213 611 Sed
1236 568 1532 628 postquam
1563 557 1634 608 L.
1663 556 1845 619 Sulla,
1881 575 1901 617 5

111 644 280 696 armis
320 653 546 713 recepta
585 661 644 694 re
689 642 938 711 publica,
980 641 1142 693 bonis
1185 640 1352 692 initiis
1401 641 1577 692 malos
1620 650 1850 692 eventus

111 727 324 787 habuit,
348 745 546 796 rapere
570 744 789 786 omnes,
816 726 1059 785 trahere,
1089 725 1318 776 domum
1344 724 1485 775 alius
1511 724 1652 776 alius
1684 741 1851 795 agros

110 827 337 878 cupere,
370 828 552 879 neque
596 810 827 861 modum
871 826 1053 878 neque
1098 807 1429 859 modestiam
1470 807 1710 859 victores
1753 809 1851 859 ha-

109 895 261 953 bere,
296 893 460 945 foeda
491 893 858 962 crudeliaque
886 893 944 943 in
977 892 1114 943 civis
1144 891 1396 943 facinora
1425 891 1632 943 facere.
1720 891 1851 944 Huc

110 977 435 1037 accedebat,
483 976 633 1046 quod
679 975 750 1026 L.
804 975 965 1027 Sulla
1016 975 1350 1036 exercitum,
1398 993 1567 1044 quem
1609 974 1661 1025 in
1709 974 1850 1027 Asia

43 1072 49 1076 ‘
108 1059 453 1120 ductaverat,
512 1078 621 1129 quo
683 1059 787 1110 sibi
855 1059 1031 1110 fidum
1088 1059 1317 1118 faceret,
1376 1069 1569 1110 contra
1638 1076 1847 1110 morem

108 1143 380 1213 majorum
413 1143 700 1194 luxuriose
732 1142 1011 1211 nimisque
1051 1141 1356 1193 liberaliter
1386 1143 1694 1193 habuerat:
1726 1143 1849 1194 loca

108 1243 346 1277 amoena
377 1226 694 1294 voluptaria
725 1225 890 1276 facile
921 1226 977 1276 in
1002 1225 1113 1277 otio
1137 1226 1338 1277 ferocis
1362 1226 1600 1275 militum
1633 1226 1849 1277 animos

107 1309 481 1360 molliverant.
568 1308 650 1360 Ibi
707 1308 953 1377 primum
1008 1308 1252 1360 insuevit
1311 1309 1590 1360 exercitus
1657 1310 1848 1377 populi

106 1390 354 1442 Romani
401 1409 613 1451 amare,
662 1401 890 1460 potare3
948 1392 1133 1463 signa,
1186 1393 1407 1443 tabulas
1462 1393 1661 1460 pictas,
1713 1409 1849 1443 vasa

107 1475 326 1525 caelata
358 1475 578 1532 mirari3
629 1492 695 1526 ea
726 1475 987 1543 privatim
1019 1486 1071 1526 et
1101 1475 1326 1543 publice
1357 1493 1579 1543 rapere,
1614 1476 1849 1527 delubra

107 1557 370 1624 spoliare,
405 1575 567 1608 sacra
599 1558 949 1627 profanaque
992 1558 1184 1609 omnia
1226 1560 1502 1626 polluere.
1590 1559 1771 1629 Igitur
1800 1560 1849 1610 ei

108 1639 308 1690 milites
358 1650 653 1709 postquam
700 1640 994 1692 victoriam
1043 1641 1230 1710 adepti
1275 1651 1424 1701 sunt,
1467 1642 1606 1692 nihil
1651 1642 1848 1712 reliqui

105 1722 264 1774 victis
294 1724 497 1775 fecere.
567 1723 799 1793 Qippe
824 1725 1111 1776 secundae
1143 1743 1232 1776 res
1264 1726 1601 1793 sapientium
1632 1726 1848 1778 animos

106 1804 376 1875 fatigant:
419 1824 488 1858 ne
531 1807 610 1858 illi
653 1808 928 1876 corruptis
971 1808 1222 1860 moribus
1266 1808 1532 1860 victoriae
1570 1818 1849 1878 tempera-

105 1898 246 1939 rent.

177 1986 245 2023 12.
285 1971 589 2042 Postquam
644 1973 869 2025 divitiae
919 1975 1118 2026 honori
1169 1992 1292 2026 esse
1341 1993 1600 2044 coepere,
1653 1986 1706 2027 et
1752 1994 1847 2028 eas

105 2056 286 2126 gloria
315 2055 611 2124 imperium
643 2057 886 2125 potentia
918 2058 1279 2126 sequebatur,
1314 2059 1620 2110 hebescere
1649 2059 1842 2120 virtus,

105 2147 407 2207 paupertas
448 2139 652 2207 probro
696 2139 912 2200 haberi,
954 2140 1278 2191 innocentia
1321 2159 1422 2209 pro
1465 2142 1845 2192 malivolentia

104 2222 232 2273 duci
289 2222 489 2290 coepit.
590 2222 767 2293 Igitur
822 2241 893 2274 ex
948 2224 1155 2276 divitiis
1217 2225 1568 2295 juventutem
1623 2226 1843 2276 luxuria

104 2315 268 2374 atque
311 2305 543 2356 avaritia
586 2323 713 2357 cum
754 2308 1016 2374 superbia
1054 2308 1348 2360 invasere:
1393 2327 1612 2378 rapere,
1647 2327 1845 2361 consu-

104 2406 290 2448 mere,
346 2406 447 2439 sua
495 2389 652 2457 parvi
703 2390 975 2458 pendere,
1026 2391 1210 2443 aliena
1255 2410 1496 2461 cupere3
1547 2394 1841 2461 pudorem,

102 2470 451 2539 pudicitiam,
474 2472 663 2523 divina
689 2483 854 2543 atque
875 2475 1127 2526 humana
1151 2477 1493 2544 promiscua,
1522 2477 1660 2527 nihil
1685 2478 1843 2545 pensi

102 2571 285 2623 neque
334 2556 604 2607 moderati
662 2556 893 2609 habere.
980 2558 1205 2628 Operae
1262 2561 1501 2629 pretium
1558 2570 1658 2621 est,
1718 2579 1842 2612 cum

103 2637 298 2689 domos
338 2648 501 2707 atque
537 2639 699 2692 villas
744 2643 1080 2710 cognoveris
1123 2643 1178 2694 in
1217 2644 1439 2695 urbium
1480 2646 1709 2697 modum
1750 2663 1838 2695 ex-

104 2720 448 2782 aedificatas,
474 2722 657 2775 visere
681 2724 893 2793 templa
924 2725 1180 2786 deorum,
1207 2745 1352 2796 quae
1377 2728 1549 2779 nostri
1579 2728 1840 2798 majoreS,

102 2802 531 2873 religiosissumi
588 2807 874 2867 mortales,
925 2808 1130 2860 fecere.
1216 2809 1434 2861 Verum
1482 2811 1561 2861 illi
1610 2811 1844 2863 delubra

102 2885 334 2938 deorum
366 2887 593 2956 pietate,
627 2890 823 2941 domos
867 2908 997 2942 suas
1037 2893 1220 2962 gloria
1263 2894 1627 2954 decorabant,
1661 2912 1844 2963 neque

100 2967 260 3022 victis
288 2970 594 3041 quicquam
637 2982 859 3040 praeter
898 2973 1136 3044 injuriae
1178 2976 1465 3028 licentiam
1509 2977 1839 3045 eripiebant.

101 3050 179 3103 At
207 3053 262 3104 hi
284 3064 498 3115 contra,
525 3054 897 3125 ignavissumi
922 3056 1201 3119 homines,
1227 3077 1328 3127 per
1350 3078 1637 3112 summum
1660 3063 1845 3113 scelus

103 3136 293 3187 omnia
323 3154 390 3187 ea
421 3137 585 3188 sociis
629 3138 902 3198 adimere,
937 3157 1082 3209 quae
1126 3141 1428 3201 fortissumi
1461 3143 1563 3195 viri
1606 3144 1844 3196 victores

1884 997 1932 1026 10

1887 1418 1933 1462 Ι5

1882 1833 1936 1862 20

1878 2661 1934 2701 30

1877 3072 1929 3113 35
