2155 3447
255 109 320 145 22
648 90 704 143 T
695 91 764 142 lte
802 90 1156 160 Conspz‘racy
1198 90 1276 158 (ff
1309 88 1578 141 Catz'lz'ne.
1828 87 1999 144 [SALL.

250 275 423 330 quam
471 255 660 308 minus
707 255 898 307 valere
947 252 1054 323 ipsi
1104 253 1411 305 malebant.
1497 253 1562 306 Id
1601 254 1743 307 adeo
1787 255 2001 307 malum

250 342 455 394 multos
504 347 630 410 post
676 355 856 390 annos
899 337 956 389 in
1000 336 1282 389 civitatem
1323 347 1649 390 revorterat.
1731 353 1805 390 38.
1847 338 2001 391 Nam

250 436 572 496 postquam,
621 421 731 475 Cn.
781 420 1057 490 Pompeio
1110 419 1220 492 [et]
1268 420 1353 472 M.
1401 419 1612 474 Crasso
1651 423 1997 485 consulibus,

250 508 549 561 tribunicia
580 514 828 576 potestas
866 503 1119 557 restituta
1162 513 1265 565 est,
1310 504 1568 557 homines
1608 506 2001 559 adulescentes

161 605 181 647 5
251 609 531 644 summam
575 598 909 660 potestatem
953 587 1166 649 nancti,
1211 588 1416 658 quibus
1461 597 1615 641 aetas
1665 589 2001 661 animusque

251 675 408 727 ferox
437 683 575 735 erat,
604 690 843 742 coepere
875 680 1133 724 senatum
1165 671 1519 724 criminando
1550 673 1774 741 plebem
1804 674 2003 745 exagi-

248 768 389 820 tare,
436 758 565 811 dein
614 756 920 828 largiundo
964 764 1131 825 atque
1180 755 1544 824 pollicitando
1587 756 1771 828 magis
1813 757 2002 810 incen-

251 842 419 894 dere:
482 841 556 895 ita
610 841 717 910 ipsi
775 839 912 892 clari
981 848 1351 909 potentesque
1411 839 1553 891 fieri.
1636 839 1852 892 Contra
1906 859 2002 894 eos

250 943 472 978 summa
495 943 602 994 ope
622 924 904 976 nitebatur
928 923 1200 992 pleraque
1226 922 1509 984 nobilitaS‚
1536 933 1764 975 senatus
1787 925 1997 993 specie,

163 1032 214 1061 10
249 1027 349 1078 pro
404 1026 506 1061 sua
561 1006 976 1079 magnitudine.
1062 1005 1352 1076 Namque,
1408 1007 1487 1058 uti
1554 1007 1750 1076 paucis
1803 1026 2000 1060 verum

249 1093 564 1154 absolvam,
596 1100 722 1161 post
752 1090 952 1143 Sullae
981 1099 1240 1160 tempora
1282 1089 1627 1160 quicumque
1670 1109 1788 1142 rem
1820 1092 2002 1160 publi-

249 1193 374 1228 cam
419 1177 731 1248 agitavere,
779 1173 1031 1227 honestis
1075 1173 1419 1235 nominibUS‚
1466 1173 1559 1225 alii
1603 1174 1765 1226 sicuti
1808 1176 2001 1244 populi

241 1259 369 1331 jura
400 1259 793 1320 defenderent,
826 1276 960 1327 pars
989 1275 1100 1328 quo
1131 1267 1361 1309 senatus
1396 1257 1699 1309 auctoritas
1728 1275 1999 1310 maxuma

247 1342 408 1403 foret,
451 1343 664 1395 bonum
714 1342 1007 1412 publicum
1055 1341 1409 1402 simulantes,
1456 1359 1556 1410 pro
1605 1358 1706 1393 sua
1760 1341 1999 1411 quisque

166 1447 211 1489 15
247 1426 494 1495 potentia
525 1426 838 1478 certabant.
905 1424 1111 1494 Neque
1141 1424 1252 1476 illis
1282 1424 1556 1476 modestia
1587 1442 1769 1494 neque
1800 1426 1999 1477 modus

245 1509 617 1562 contentionis
648 1518 801 1560 erat:
846 1508 1069 1577 utrique
1098 1507 1390 1559 victoriam
1428 1507 1730 1559 crudeliter
1770 1525 2000 1561 exerce-

243 1594 394 1645 bant

318 1697 394 1735 39.
462 1682 580 1735 Sed
623 1691 921 1752 postquam
962 1680 1073 1733 Cn.
1114 1680 1423 1750 Pompeius
1465 1680 1538 1732 ad
1577 1680 1788 1732 bellurn
1833 1681 1997 1732 mari-

242 1775 460 1819 tumum
510 1776 677 1836 atque
720 1764 1175 1816 Mithridaticum
1224 1763 1430 1815 missus
1485 1773 1587 1825 est,
1637 1764 1818 1833 plebis
1862 1783 1999 1833 opes

159 1869 213 1899 20
243 1849 597 1909 imminutae,
632 1866 947 1918 paucorum
976 1847 1225 1917 potentia
1255 1847 1446 1898 crevit.
1510 1846 1578 1898 Ei
1609 1846 1994 1918 magistratus,

245 1933 565 2003 provincias
597 1932 821 2002 aliaque
852 1931 1044 1983 omnia
1073 1940 1301 1990 tenere3
1345 1930 1452 1999 ipsi
1482 1930 1697 1982 innoxii
1731 1930 1994 1983 fiorentes

245 2018 365 2070 sine
388 2026 537 2068 metu
565 2025 803 2067 aetatem
831 2032 1028 2086 agere,
1056 2023 1295 2072 ceterOS,
1322 2014 1417 2083 qui
1446 2015 1671 2083 plebem
1700 2013 1757 2064 in
1788 2015 1998 2086 magis-

243 2109 388 2153 tratu
439 2099 717 2170 placidius
761 2107 1088 2158 tractarent,
1132 2097 1361 2169 judiciis
1414 2105 1643 2148 terrere.
1731 2096 1848 2149 Sed
1902 2099 1995 2149 ubi

246 2185 488 2253 primum
540 2182 725 2235 dubiis
773 2183 944 2234 rebus
993 2181 1241 2233 novandi
1291 2199 1422 2249 spes
1460 2181 1648 2232 oblata
1690 2189 1793 2240 est,
1838 2190 1996 2233 vetus

161 2287 213 2331 25
245 2277 531 2320 certamen
589 2266 809 2318 animos
865 2283 1061 2317 eorum
1118 2264 1357 2316 adrexit.
1470 2262 1642 2330 Qod
1703 2264 1748 2315 si
1815 2264 1996 2333 primo

244 2350 458 2420 proelio
489 2349 739 2403 Catilina
770 2349 1029 2417 superior
1058 2357 1154 2399 aut
1196 2365 1379 2417 aequa
1414 2365 1587 2399 manu
1618 2347 1992 2408 discessisset,

245 2434 492 2504 profecto
522 2451 737 2504 magna
779 2432 973 2485 clades
1012 2441 1179 2502 atque
1222 2431 1516 2483 calamitas
1545 2448 1662 2482 rem
1708 2432 1992 2500 publicam

244 2517 650 2587 oppressisset3
707 2534 893 2587 neque
936 2516 1069 2578 illis,
1121 2515 1167 2567 si
1214 2514 1506 2567 victoriam
1557 2514 1744 2584 adepti
1790 2515 1990 2576 forent,

244 2601 450 2654 diutius
481 2618 547 2653 ea
576 2600 655 2652 uti
684 2600 957 2662 licuisset,
985 2601 1121 2671 quin
1146 2598 1382 2652 defessis
1406 2607 1459 2650 et
1487 2599 1877 2669 exsanguibus
1900 2600 1994 2669 qui

159 2703 216 2744 30
245 2686 370 2754 plus
425 2693 614 2754 posset
661 2684 964 2753 imperium
1020 2693 1188 2754 atque
1243 2683 1557 2735 libertatem
1613 2691 1989 2753 extorqueret.

318 2768 504 2820 Fuere
532 2776 722 2820 tamen
753 2777 914 2820 extra
943 2767 1391 2839 conjurationem
1423 2766 1765 2835 complures,
1797 2765 1892 2836 qui
1922 2767 1994 2819 ad

244 2850 549 2904 Catilinam
580 2851 736 2904 initio
767 2851 1002 2921 profecti
1034 2861 1179 2904 sunt.
1266 2850 1331 2902 In
1361 2850 1441 2903 eis
1471 2858 1590 2902 erat
1623 2847 1698 2901 A.
1732 2849 1990 2911 Fulvius,

243 2935 516 2988 senatoris
584 2935 753 2996 filius,
812 2954 982 3005 quem
1051 2944 1353 2987 retractum
1415 2952 1488 2987 ex
1535 2934 1733 2986 itinere
1786 2952 1992 3004 parens

242 3019 432 3072 necari
476 3020 660 3091 jussit.
746 3018 980 3071 Eisdem
1036 3019 1383 3089 temporibus
1426 3019 1652 3072 Romae
1694 3018 1989 3080 Lentulu8‚

159 3114 211 3160 35
243 3104 402 3155 sicuti
447 3103 696 3157 Catilina
738 3112 1129 3172 praeceperat,
1175 3120 1564 3173 quoscumque
1606 3103 1855 3156 moribus
1898 3112 1992 3154 aut

244 3188 465 3239 fortuna
495 3187 655 3239 novis
684 3186 853 3238 rebus
895 3186 1129 3239 idoneos
1172 3187 1457 3250 credebat,
1488 3195 1583 3239 aut
1610 3186 1730 3256 ipse
1771 3196 1864 3241 aut
1891 3203 1991 3258 per
