2155 3447
276 111 312 159 6
432 128 435 129 ⁷
664 106 721 159 T
711 107 781 159 lze
817 106 1171 178 Conspz‘racy
1213 109 1290 176 of
1324 64 1593 160 Catz'lz‘ize.
1846 80 2022 180 '[SALL,

279 272 644 334 exercebant,
678 271 830 324 cives
861 289 989 324 cum
1021 271 1236 323 civibus
1267 271 1336 323 de
1367 271 1568 323 virtute
1598 272 1924 324 certabant:
1967 272 2026 324 in

280 355 571 425 suppliciis
624 355 859 407 deorum
906 354 1218 425 magnifici,
1267 353 1419 406 domi
1473 354 1652 423 parci,
1703 354 1761 406 in
1816 355 2028 408 amicos

279 439 476 492 fideles
519 447 696 491 erant.
782 438 1020 490 Duabus
1064 438 1151 490 his
1194 437 1426 498 artibu8‚
1473 438 1714 490 audacia
1756 438 1814 490 in
1855 439 2025 500 bello,

280 522 375 574 ubi
419 539 535 590 pax
583 530 850 573 evenerat
896 520 1199 591 aequitate,
1244 538 1417 591 seque
1463 537 1696 591 remque
1741 521 2031 590 publicam

205 624 227 669 5
282 606 577 658 curabant.
665 603 927 672 Qarum
972 622 1160 655 rerum
1217 621 1325 674 ego
1375 621 1648 656 maxuma
1692 605 2032 657 documenta

283 690 426 740 haec
468 688 673 749 habeo,
706 687 859 757 quod
900 687 957 738 in
999 687 1149 739 bello
1195 687 1419 756 saepius
1462 688 1808 740 vindicatum
1853 697 1935 740 est
1972 688 2031 739 in

283 790 379 824 eos
433 771 528 841 qui
585 781 777 823 contra
846 770 1146 840 imperium
1213 771 1268 821 in
1333 772 1549 823 hostem
1613 780 2031 843 pugnaverant,

284 855 492 925 quique
521 854 735 907 tardius
774 853 1021 905 revocati
1059 854 1271 921 proelio
1313 865 1696 913 excesserant,
1730 872 1901 925 quam
1940 853 2035 924 qui

285 939 451 1010 signa
492 938 811 1007 relinquere
849 947 943 987 aut
973 936 1119 1004 pulsi
1163 937 1288 989 loco
1332 938 1533 989 cedere
1577 938 1698 990 ausi
1742 947 1934 996 erant3
1978 937 2035 988 in

211 1049 262 1079 10
284 1039 426 1093 pace
455 1040 609 1082 vero,
643 1021 793 1091 quod
832 1020 1109 1072 benificiis
1140 1021 1325 1091 magis
1355 1039 1526 1091 quam
1559 1031 1708 1073 metu
1738 1021 2037 1090 imperium

286 1105 599 1177 agitabant,
633 1115 686 1156 et
728 1114 963 1173 accepta
994 1104 1198 1176 injuria
1234 1105 1532 1176 ignoscere
1563 1122 1733 1175 quam
1774 1104 2037 1174 persequi

286 1189 595 1241 malebant.

359 1287 431 1324 10.
481 1271 597 1324 Sed
626 1272 723 1323 ubi
766 1272 960 1323 labore
1006 1282 1171 1342 atque
1207 1272 1422 1344 justitia
1464 1290 1553 1324 res
1583 1271 1811 1341 publica
1842 1270 2037 1330 crevit,

286 1374 455 1427 reges
506 1355 700 1426 magni
750 1356 901 1407 bello
952 1356 1169 1416 domiti,
1229 1356 1484 1407 nationes
1533 1356 1686 1407 ferae
1740 1365 1793 1406 et
1846 1354 2040 1424 populi

214 1463 260 1505 15
287 1440 549 1511 ingentes
578 1439 632 1490 vi
664 1440 904 1500 subacti,
933 1438 1249 1510 Carthago,
1278 1439 1504 1490 aemula
1534 1438 1733 1507 imperi
1764 1437 2037 1498 Romani,

290 1524 360 1576 ab
409 1523 580 1592 stirpe
631 1522 857 1584 interiit,
912 1533 1113 1575 cuncta
1164 1523 1341 1574 maria
1387 1532 1684 1592 terraeque
1739 1522 2041 1591 patebant:

289 1607 508 1661 saevire
538 1606 761 1659 fortuna
794 1625 860 1659 ac
890 1607 1127 1659 miscere
1157 1607 1347 1658 omnia
1372 1606 1572 1675 coepit.
1645 1604 1762 1675 Qi
1795 1606 2039 1665 laboreS,

290 1691 565 1762 pericula,
598 1691 800 1743 dubias
845 1700 1011 1761 atque
1043 1708 1275 1759 asperas
1314 1708 1403 1742 res
1433 1689 1600 1741 facile
1640 1690 2038 1748 toleraverant,

290 1776 371 1829 eis
414 1776 612 1836 otium,
666 1775 914 1836 divitiae,
957 1775 1206 1844 optanda
1252 1774 1417 1833 alias,
1462 1772 1619 1825 oneri
1670 1772 2043 1842 miseriaeque

175 1879 263 1912 .20
289 1859 468 1914 fuere.
555 1860 735 1932 Igitur
778 1859 960 1928 primo
1003 1859 1302 1927 pecuniae,
1349 1857 1554 1909 deinde
1594 1856 1794 1925 imperi
1837 1856 2043 1925 cupido

291 1945 501 1999 crevit:
560 1962 628 1996 ea
682 1943 845 2014 quasi
902 1942 1165 1994 materies
1219 1940 1472 1993 omnium
1529 1940 1807 1992 malorum
1863 1939 2039 1991 fuere.

291 2029 559 2101 Namque
616 2028 850 2080 avaritia
906 2027 1078 2079 fidem
1134 2025 1468 2095 probitatem
1527 2036 1856 2093 ceterasque
1914 2023 2046 2075 artis

292 2114 472 2166 bonas
503 2112 805 2165 subvortit:
852 2129 953 2180 pro
985 2110 1072 2162 his
1103 2108 1444 2178 superbiam,
1464 2107 1875 2168 crudelitatem,
1911 2107 2046 2158 deos

293 2198 626 2268 neglegere,
678 2196 871 2248 omnia
922 2193 1148 2246 venalia
1195 2192 1404 2243 habere
1460 2190 1698 2242 edocuit.
1797 2189 2047 2241 Ambitio

210 2303 261 2347 25
296 2282 499 2332 multos
540 2280 788 2332 mortalis
833 2279 1005 2331 falsos
1053 2276 1171 2329 fieri
1216 2275 1459 2346 subegit,
1501 2274 1653 2326 aliud
1695 2275 1952 2326 clausum
1990 2273 2046 2324 in

296 2374 544 2433 pectore,
592 2363 746 2415 aliud
788 2363 843 2414 in
888 2363 1085 2434 lingua
1129 2368 1451 2431 promptum
1494 2358 1724 2419 habere,
1772 2357 2047 2409 amicitias

294 2446 731 2516 inimicitiasque
763 2465 874 2499 non
918 2465 990 2498 ex
1019 2464 1077 2498 re
1121 2445 1219 2498 sed
1251 2461 1322 2496 ex
1362 2442 1661 2495 commodo
1705 2450 2044 2501 aestumare,

298 2531 594 2601 magisque
624 2531 836 2581 voltum
877 2547 1046 2600 quam
1078 2528 1376 2600 ingenium
1406 2526 1617 2577 bonum
1649 2525 1878 2576 habere.

377 2614 539 2666 Haec
560 2614 740 2683 primo
780 2613 1054 2682 paulatim
1090 2629 1369 2672 crescere,
1414 2610 1696 2661 interdum
1735 2607 2046 2660 vindicari:

217 2716 272 2758 30
300 2707 444 2768 post,
500 2697 596 2749 ubi
652 2697 917 2768 contagio
973 2696 1133 2767 quasi
1190 2693 1507 2765 pestilentia
1566 2692 1792 2752 invasit,
1850 2691 2048 2743 civitas

299 2782 614 2841 immutata,
665 2781 965 2849 imperium
1023 2798 1094 2831 ex
1141 2778 1553 2850 justississumo
1608 2785 1773 2845 atque
1821 2783 2051 2843 optumo

301 2865 529 2917 crudele
559 2864 1091 2933 intolerandumque
1124 2864 1357 2914 factum.
1408 2875 1469 2912 11.
1513 2859 1630 2912 Sed
1661 2858 1843 2929 primo
1867 2857 2050 2928 magis

303 2948 532 3000 ambitio
586 2965 760 3017 quam
817 2946 1051 2998 avaritia
1108 2946 1326 2997 animos
1378 2944 1671 2997 hominum
1723 2941 2047 3007 exercebat,

303 3032 451 3102 quod
474 3040 663 3082 tamen
686 3030 881 3082 vitium
907 3029 1139 3099 propius
1160 3029 1421 3080 virtutem
1446 3036 1584 3079 erat.
1630 3026 1783 3079 Nam
1808 3024 2050 3097 gloriam

222 3124 275 3169 35
306 3116 577 3166 honorem
619 3113 920 3182 imperium
948 3113 1131 3165 bonus
1173 3121 1225 3163 et
1252 3111 1492 3182 ignavos
1523 3127 1703 3180 aeque
1745 3108 1849 3162 sibi
1880 3125 2054 3176 exop-

305 3207 455 3256 tant3
506 3197 604 3248 sed
646 3196 740 3247 ille
774 3214 907 3248 vera
951 3196 1041 3247 via
1083 3195 1293 3256 nititur,
1338 3194 1470 3246 huic
1511 3193 1642 3263 quia
1679 3193 1862 3245 bonae
1906 3200 2053 3242 artes
