2155 3447
172 96 288 132 CAT.
334 91 423 147 37·]
518 92 812 144 PVretclzcd
846 94 1146 145 Condz'tz'on
1190 98 1264 162 os
1290 95 1380 145 llze
1422 94 1604 146 State.
1841 112 1901 148 21

167 255 237 306 ab
266 263 387 306 ortu
417 254 549 306 solis
579 255 769 306 omnia
799 255 1009 307 domita
1034 256 1205 307 armis
1234 265 1518 324 parerent,
1549 257 1702 309 domi
1733 258 1905 310 otium

165 346 330 406 atque
360 336 608 398 divitiae,
641 355 785 407 quae
816 337 996 406 prima
1027 339 1292 390 mortales
1322 348 1538 407 putant,
1568 339 1903 402 adfluerent,

164 419 317 470 fuere
358 428 547 470 tamen
590 419 763 481 cives,
795 420 887 489 qui
932 438 1105 489 seque
1145 438 1377 490 remque
1421 422 1708 489 publicam
1738 425 1907 476 obsti-

162 501 305 552 natis
348 501 547 553 animis
590 502 868 570 perditum
911 503 1071 554 irent.
1156 502 1422 573 Namque
1465 505 1685 558 duobus
1729 508 1905 560 senati

159 584 398 635 decretis
429 602 500 636 ex
540 594 693 636 tanta
734 585 1088 637 multitudine
1132 603 1315 655 neque
1360 588 1613 654 praemio
1644 589 1904 643 inductus
1932 614 1952 655 5

160 666 601 736 conjurationem
645 667 1007 736 patefecerat,
1057 686 1240 738 neque
1275 687 1346 720 ex
1388 671 1584 723 castris
1623 671 1904 725 Catilinae

156 750 455 818 quisquam
486 751 736 802 omnium
768 750 1123 802 discesserat.
1208 751 1396 804 Tanta
1427 754 1510 806 vis
1541 756 1718 807 morbi
1761 766 1898 817 erat,

155 849 301 901 quae
330 832 406 883 uti
437 833 594 885 tabes
624 834 923 902 plerosque
955 833 1160 885 civium
1196 835 1414 888 animos
1445 836 1746 890 invaserat.

228 936 301 974 37.
344 922 547 991 Neque
596 923 775 973 solum
819 922 927 974 illis
971 923 1154 974 aliena
1193 942 1351 976 mens
1388 936 1524 985 erat,
1558 928 1651 996 qui
1690 929 1900 980 conscii

157 1005 559 1079 conjurationis
590 1005 830 1066 fuerant,
866 1006 962 1058 sed
1001 1007 1230 1059 omnino
1262 1013 1463 1060 cuncta
1498 1010 1691 1078 plebes
1730 1029 1901 1063 nova·
1936 1037 1983 1066 ιο

155 1110 274 1143 rum
307 1108 495 1143 rerum
526 1088 708 1140 studio
740 1087 1023 1141 Catilinae
1056 1090 1279 1159 incepta
1311 1092 1602 1160 probabat.
1663 1094 1726 1146 Id
1760 1095 1900 1147 adeo

154 1193 308 1227 more
340 1192 440 1226 suo
469 1171 765 1224 videbatur
809 1172 1016 1224 facere.
1103 1172 1254 1224 Nam
1301 1192 1525 1244 semper
1566 1176 1622 1228 in
1653 1177 1895 1238 civitate,

152 1258 354 1328 quibus
397 1274 533 1325 opes
578 1255 767 1306 nullae
813 1265 960 1316 sunt,
995 1256 1156 1308 bonis
1201 1257 1472 1320 invident,
1507 1260 1684 1311 malos
1726 1262 1901 1312 extol-

152 1343 291 1401 lunt,
326 1351 513 1391 vetera
546 1338 737 1397 odere,
773 1355 920 1390 nova
963 1350 1253 1408 exoptant,
1287 1341 1415 1393 odio
1453 1360 1681 1393 suarum
1712 1360 1900 1395 rerum

153 1423 352 1475 mutari
398 1422 588 1475 omnia
637 1421 883 1482 student,
931 1423 1093 1474 turba
1144 1434 1310 1494 atque
1366 1425 1732 1477 seditionibus
1781 1426 1899 1478 sine
1935 1448 1979 1488 15

151 1526 286 1560 cura
343 1506 587 1565 aluntur,
650 1505 918 1574 quoniam
977 1517 1200 1577 egestas
1256 1508 1420 1560 facile
1488 1509 1726 1560 habetur
1779 1509 1899 1561 sine

153 1592 380 1644 damno.
466 1588 583 1641 Sed
615 1589 832 1640 urbana
871 1590 1085 1658 plebes,
1121 1609 1187 1642 ea
1217 1610 1350 1643 vero
1381 1609 1654 1661 praeceps
1685 1602 1802 1644 erat
1831 1593 1899 1644 de

152 1674 338 1727 multis
383 1672 588 1725 causis.
679 1671 933 1724 Primum
979 1674 1255 1735 omnium,
1308 1675 1403 1744 qui
1445 1675 1652 1744 ubique
1695 1677 1898 1744 probro

150 1767 315 1828 atque
368 1755 677 1826 petulantia
724 1773 990 1808 maxume
1037 1758 1418 1825 praestabant,
1473 1758 1600 1810 item
1653 1758 1745 1810 alii
1800 1777 1900 1828 per

150 1843 430 1894 dedecora
476 1839 830 1909 patrimoniis
880 1840 1125 1901 amissiS,
1174 1850 1456 1909 postremo
1510 1860 1705 1894 omnes
1759 1860 1898 1912 quos
1928 1857 1981 1886 20

149 1926 427 1998 flagitium
454 1934 549 1976 aut
579 1924 799 1976 facinus
831 1924 999 1976 domo
1041 1926 1356 1993 expulerat,
1390 1925 1440 1977 ei
1479 1925 1727 1977 Romam
1758 1926 1900 1977 sicut

149 2011 205 2063 in
273 2009 551 2062 sentinam
622 2007 1034 2060 confluxerant.
1117 2008 1340 2060 Deinde
1410 2008 1566 2059 multi
1622 2027 1898 2061 memores

150 2094 422 2147 Sullanae
471 2092 762 2152 victoriae,
810 2092 962 2162 quod
1008 2110 1079 2143 ex
1127 2091 1407 2163 gregariis
1451 2092 1716 2143 militibus
1759 2092 1897 2143 alios

149 2189 436 2232 senatores
470 2178 756 2237 videbant,
787 2176 927 2228 alios
957 2175 1033 2227 ita
1059 2175 1257 2227 divites
1282 2184 1340 2226 ut
1369 2176 1526 2245 regio
1551 2175 1700 2226 victu
1732 2185 1896 2245 atque

149 2264 299 2315 cultu
331 2272 569 2315 aetatem
616 2270 872 2332 agerent,
905 2259 1009 2312 sibi
1053 2258 1312 2329 quisque,
1347 2258 1390 2310 si
1433 2259 1489 2309 in
1532 2258 1705 2310 armis
1733 2257 1893 2319 foret,
1929 2287 1979 2330 25

151 2366 221 2399 ex
251 2347 480 2399 victoria
510 2346 642 2398 talia
673 2345 953 2415 sperabat.
1020 2342 1325 2394 Praeterea
1349 2341 1634 2412 juventUS,
1667 2359 1811 2412 quae
1840 2342 1895 2392 in

152 2431 303 2502 agris
350 2448 618 2481 manuum
663 2429 924 2480 mercede
969 2426 1221 2496 inopiam
1265 2425 1622 2485 toleraverat,
1667 2424 1896 2494 privatis

152 2525 316 2584 atque
373 2513 612 2582 publicis
663 2512 1056 2583 largitionibus
1123 2510 1330 2570 excita,
1389 2509 1668 2560 urbanum
1723 2507 1894 2560 otium

152 2597 375 2667 ingrato
428 2595 605 2647 labori
661 2596 1022 2664 praetulerat.
1124 2594 1240 2646 Eos
1297 2602 1463 2662 atque
1519 2591 1657 2643 alios
1714 2591 1895 2642 omnis

152 2681 361 2730 malum
409 2678 697 2747 publicum
747 2679 966 2738 alebat3
1025 2696 1136 2748 quo
1194 2677 1381 2728 minus
1440 2675 1759 2726 mirandum
1815 2683 1897 2724 est
1928 2698 1982 2739 30

152 2762 409 2813 homines
464 2762 703 2832 egentiS,
763 2761 925 2813 malis
982 2762 1251 2822 moribus,
1313 2776 1583 2811 maxuma
1639 2774 1759 2826 spe,
1816 2756 1892 2807 rei

152 2845 412 2913 publicae
449 2844 611 2914 juxta
641 2862 707 2896 ac
738 2845 839 2895 sibi
866 2845 1237 2896 consuluisse.
1324 2843 1625 2895 Praeterea
1656 2857 1891 2910 quorum

151 2927 383 2979 victoria
432 2926 628 2980 Sullae
670 2937 934 2996 parentes
979 2927 1296 2996 proscripti,
1349 2928 1497 2980 bona
1548 2934 1762 2994 erepta,
1804 2922 1895 2994 jus

152 3010 420 3061 libertatis
458 3009 814 3061 imminutum
853 3019 991 3069 erat,
1026 3011 1177 3061 haud
1221 3027 1357 3061 sane
1402 3010 1511 3062 alio
1545 3009 1734 3061 animo
1763 3006 1894 3059 belli

154 3102 415 3144 eventum
461 3093 884 3161 exspectabant.
969 3092 1062 3145 Ad
1106 3094 1213 3144 hoc
1260 3093 1603 3163 quicumque
1654 3092 1891 3145 aliarum
1928 3108 1980 3152 35

155 3187 319 3246 atque
350 3186 575 3228 senatus
606 3177 847 3246 partium
893 3187 1072 3236 erant,
1107 3176 1426 3228 conturbari
1458 3195 1575 3229 rem
1606 3177 1891 3247 publicam
