2155 3447
194 94 262 147 28
622 88 739 142 The
776 89 1128 158 Conspirczcy
1170 87 1247 156 qf
1282 84 1550 137 Catilina
1767 99 1939 153 [SALL.

195 257 379 310 dicem
410 254 616 306 falsum
647 269 794 311 esse,
822 252 1005 320 deque
1038 267 1105 302 ea
1133 266 1193 301 re
1224 248 1512 317 postulant
1538 246 1616 298 uti
1645 244 1938 298 referatur.

196 341 392 410 Itaque
423 335 754 390 consulente
785 333 1065 386 Cicerone
1103 332 1370 400 frequens
1401 339 1628 382 senatus
1658 327 1941 381 decernit:

192 420 471 493 Tarquini
514 418 788 470 indicium
831 416 1038 468 falsum
1081 414 1283 474 videri,
1318 430 1562 482 eumque
1604 412 1660 463 in
1702 411 1943 463 vinculis

193 505 573 562 retinendum,
606 517 792 572 neque
824 499 1068 567 amplius
1099 505 1433 566 potestatem
1463 495 1811 554 faciundam,
1837 493 1944 544 nisi

109 605 130 649 5
195 590 263 642 de
307 606 373 640 eo
414 585 711 643 indicaret,
747 582 907 653 cujus
938 581 1174 633 consilio
1212 589 1426 631 tantam
1464 596 1583 629 rem
1615 586 1762 629 esset
1791 594 1945 628 men-

194 673 343 724 titus.
429 669 608 721 Erant
652 685 718 719 eo
764 675 1019 733 tempore
1065 663 1159 733 qui
1210 662 1620 714 existumarent
1672 659 1942 712 indicium

193 755 333 806 illud
364 771 394 805 a
425 752 491 805 P.
520 749 799 803 Autronio
824 747 1237 806 machinatum,
1264 763 1375 815 quo
1405 744 1628 796 facilius
1659 743 1944 811 adpellato

192 838 402 891 Crasso
432 854 532 906 per
571 834 895 887 societatem
939 829 1175 900 periculi
1219 828 1465 897 reliquos
1508 827 1655 879 illius
1697 825 1944 895 potentia

191 930 406 993 tegeret
428 939 439 980 3
473 919 564 971 alii
588 916 969 987 Tarquinium
994 932 1025 965 a
1049 913 1329 966 Cicerone
1352 911 1669 962 immissum
1694 909 1941 972 aiebant,

114 1030 164 1059 10
193 1023 262 1057 ne
307 1004 552 1057 Crassus
601 1019 757 1054 more
800 1017 924 1060 SUO,
971 1006 1234 1065 suscepto
1284 995 1563 1046 malorum
1608 992 1940 1062 patrociniO,

192 1107 310 1141 rem
342 1087 628 1157 publicam
655 1084 1032 1137 conturbaret.
1095 1081 1292 1149 Ipsum
1313 1077 1587 1131 Crassum
1618 1095 1727 1147 ego
1750 1085 1946 1146 postea

193 1172 616 1242 praedicantem
663 1167 875 1228 audivi,
924 1175 1138 1218 tantam
1185 1163 1343 1215 illam
1389 1160 1795 1215 contumeliam
1839 1159 1945 1213 sibi

193 1257 262 1309 ab
292 1255 571 1308 Cicerone
602 1252 946 1322 impositam.

265 1357 340 1395 49.
409 1343 526 1397 Sed
569 1342 782 1394 eisdem
824 1338 1175 1408 temporibus
1208 1336 1296 1405 Q
1333 1336 1574 1390 Catulus
1617 1343 1670 1387 et
1707 1333 1776 1388 C.
1811 1333 1944 1388 Piso

117 1449 163 1491 15
191 1447 376 1499 neque
430 1426 609 1497 pretio
652 1442 837 1495 neque
881 1422 1064 1495 gratia
1107 1421 1448 1474 Ciceronem
1491 1419 1783 1488 impellere
1825 1418 1947 1489 qui-

189 1531 343 1574 vere,
376 1511 453 1563 uti
483 1528 583 1580 per
611 1508 959 1579 Allobroges
990 1515 1085 1558 aut
1127 1506 1301 1557 alium
1343 1504 1593 1570 indicem
1624 1501 1694 1555 C.
1728 1501 1947 1556 Caesar

191 1598 333 1649 falso
388 1594 795 1648 nominaretur.
906 1590 1059 1643 Nam
1115 1599 1350 1659 uterque
1406 1606 1535 1640 cum
1603 1587 1700 1640 illo
1755 1586 1946 1658 gravis

190 1679 511 1732 inimicitias
566 1676 945 1729 exercebant:
1018 1673 1149 1726 Piso
1205 1681 1571 1743 oppugnatus
1625 1672 1682 1722 in
1732 1670 1946 1742 judicio

191 1763 563 1834 pecuniarum
610 1759 1055 1829 repetundarum
1110 1767 1338 1826 propter
1393 1756 1689 1828 cujusdam
1731 1755 1947 1808 Trans-

113 1869 167 1899 20
191 1846 401 1918 padani
470 1844 814 1914 supplicium
870 1842 1174 1913 injustum3
1245 1840 1483 1893 Catulus
1553 1858 1625 1892 ex
1679 1839 1945 1909 petitione

191 1931 549 2002 pontificatus
578 1928 707 1980 odio
737 1927 1023 1987 incensuS,
1051 1925 1200 1996 quod
1232 1934 1485 1977 extrema
1515 1934 1719 1986 aetate,
1746 1942 1948 1976 maxu-

194 2015 297 2067 mis
338 2013 646 2066 honoribus
688 2029 845 2072 usus,
886 2011 956 2061 ab
1004 2009 1429 2061 adulescentulo
1473 2008 1724 2061 Caesare
1765 2009 1945 2061 victus

192 2099 550 2152 discesserat.
639 2094 761 2147 Res
818 2104 1004 2145 autem
1062 2103 1381 2162 opportuna
1436 2093 1752 2157 videbatur,
1794 2093 1946 2163 quod

191 2183 237 2235 is
267 2180 528 2252 privatim
558 2178 794 2250 egregia
837 2177 1195 2238 liberalitate,
1228 2177 1455 2247 publice
1498 2176 1782 2229 maxumis
1825 2195 1948 2227 mu-

112 2286 163 2331 25
196 2266 442 2326 neribuS,
484 2263 764 2334 grandem
813 2261 1117 2331 pecuniam
1168 2261 1425 2313 debebat.
1509 2260 1627 2313 Sed
1671 2260 1765 2312 ubi
1814 2278 1946 2312 con-

194 2351 373 2403 sulem
432 2349 502 2400 ad
555 2356 772 2399 tantum
832 2345 1054 2397 facinus
1122 2344 1418 2414 impellere
1473 2354 1783 2414 nequeunt,
1839 2344 1945 2414 ipsi

194 2432 522 2503 singulatim
565 2430 971 2482 circumeundo
1028 2438 1193 2499 atque
1251 2427 1637 2489 ementiundO,
1683 2445 1829 2497 quae
1885 2445 1945 2480 se

194 2536 265 2569 ex
293 2514 586 2568 Volturcio
631 2523 726 2565 aut
755 2512 1167 2584 Allobrogibus
1212 2511 1437 2563 audisse
1480 2511 1752 2570 dicerent,
1786 2528 1946 2582 mag-

196 2617 326 2650 nam
368 2597 447 2649 illi
489 2597 763 2649 invidiam
808 2596 1216 2656 conflaverant,
1250 2613 1428 2665 usque
1472 2613 1560 2655 eo,
1592 2604 1651 2653 ut
1690 2594 1945 2646 nonnulli

119 2699 166 2741 30
196 2682 409 2752 equites
453 2680 724 2740 Romani,
771 2680 865 2750 qui
909 2678 1155 2748 praesidi
1202 2695 1374 2729 causa
1425 2695 1552 2729 cum
1608 2677 1733 2729 telis
1788 2685 1946 2728 erant

196 2765 407 2818 circum
453 2765 651 2816 aedem
696 2762 1078 2821 Concordiae,
1124 2779 1223 2813 seu
1269 2760 1504 2830 periculi
1552 2760 1944 2831 magnitudine

195 2867 295 2902 seu
325 2848 496 2900 animi
530 2847 837 2900 mobilitate
868 2845 1099 2914 inpulsi,
1126 2863 1237 2914 quo
1268 2845 1513 2896 studium
1546 2862 1708 2895 suum
1741 2844 1795 2894 in
1826 2861 1941 2894 rem

197 2933 481 3002 publicam
526 2932 735 2984 clarius
778 2938 946 2989 esset,
993 2927 1308 2999 egredienti
1351 2945 1423 2979 ex
1469 2936 1665 2979 senatu
1708 2925 1943 2978 Caesari

196 3017 388 3087 gladio
418 3016 829 3067 minitarentur.

111 3112 165 3154 35
269 3116 344 3152 50.
412 3099 565 3150 Dum
610 3099 753 3148 haec
806 3096 863 3146 in
906 3103 1105 3146 senatu
1149 3103 1416 3165 aguntur,
1463 3103 1516 3145 et
1563 3093 1696 3145 dum
1741 3092 1944 3164 legatis

198 3183 573 3251 Allobrogum
620 3190 671 3230 et
704 3178 835 3229 Tito
863 3175 1180 3237 Volturcio,
1215 3177 1579 3244 comprobato
1623 3194 1816 3227 eorum
1860 3175 1942 3226 in-
