2155 3447
121 66 238 107 CAT.
263 63 330 121 5.]
619 45 937 98 Character
978 46 1054 112 os
1079 45 1170 96 the
1208 44 1379 104 Mem.
1823 60 1853 112 3

117 230 224 282 que
251 228 396 282 quae
420 219 635 263 ceteros
665 210 816 261 fama
846 217 1012 278 atque
1041 208 1252 259 invidia
1271 208 1536 260 vexabat.
1600 223 1645 259 4.
1677 208 1855 279 Igitur

116 293 209 346 ubi
240 293 461 345 animus
490 310 562 344 ex
590 291 779 343 multis
806 290 1046 343 miseriis
1075 300 1241 359 atque
1265 290 1530 359 periculis
1560 291 1852 363 requievit,

116 386 167 429 et
197 376 332 427 mihi
354 375 632 445 reliquam
656 383 895 426 aetatem
921 390 952 425 a
980 390 1038 425 re
1060 372 1285 441 publica
1311 374 1508 440 procul
1533 375 1855 428 habendam

115 458 362 519 decrevi,
421 476 535 510 non
593 457 698 510 fuit
751 455 1047 509 consilium
1103 455 1362 507 socordia
1418 466 1584 527 atque
1639 458 1856 511 desidia

114 543 322 594 bonum
354 541 526 593 otium
553 549 863 599 conterere,
889 555 1074 608 neque
1102 556 1235 590 vero
1261 556 1464 610 agrum
1492 541 1733 594 colundo
1764 550 1857 592 aut
1883 557 1904 599 5

114 623 373 676 venando
410 622 737 694 (servilibus
780 621 1008 690 officiis)
1043 621 1319 673 intentum
1363 632 1603 676 aetatem
1648 641 1853 695 agere3

115 708 212 759 sed
243 724 275 758 a
304 725 414 776 quo
444 706 667 775 incepto
698 704 993 774 studioque
1025 721 1114 756 me
1145 705 1375 759 ambitio
1415 708 1566 758 mala
1605 708 1857 759 detinue-

113 800 216 852 rat,
250 791 450 843 eodem
481 807 797 861 regreSSUS‚
832 788 995 841 statui
1032 807 1120 841 res
1153 799 1341 861 gestas
1382 792 1574 860 populi
1605 791 1855 844 Romani

113 874 372 942 carptim,
406 882 465 926 ut
505 890 764 943 quaeque
808 872 1081 925 memoria
1125 873 1301 944 digna
1343 874 1699 935 videbantur,
1733 893 1858 944 per-

113 957 558 1018 scribere‚—-eo
593 956 799 1027 magiS,
832 957 982 1026 quod
1013 956 1150 1008 mihi
1186 974 1217 1009 a
1248 975 1367 1026 spe,
1402 967 1573 1020 metu,
1605 959 1856 1028 partibus
1887 983 1936 1012 10

112 1040 191 1092 rei
221 1040 481 1109 publicae
513 1039 737 1091 animus
767 1039 909 1092 liber
939 1049 1075 1092 erat.

187 1123 366 1194 Igitur
414 1125 483 1176 de
539 1122 820 1175 Catilinae
870 1123 1277 1194 conjuratione,
1315 1141 1502 1194 quam
1545 1125 1857 1178 verissume

112 1215 325 1275 potem,
359 1206 554 1274 paucis
585 1205 874 1257 absolvam
900 1225 911 1256 :
956 1224 1088 1258 nam
1119 1207 1174 1258 id
1205 1207 1423 1259 facinus
1452 1207 1727 1277 inprimis
1747 1226 1855 1280 ego

113 1289 479 1341 memorabile
511 1288 792 1341 existumo
831 1290 1060 1341 sceleris
1105 1300 1270 1360 atque
1310 1290 1543 1359 periculi
1587 1292 1851 1343 novitate.

115 1372 200 1424 De
254 1371 414 1442 cujus
464 1371 707 1424 hominis
760 1373 1007 1425 moribus
1052 1390 1235 1442 pauca
1284 1373 1438 1442 prius
1494 1375 1856 1443 explananda
1888 1392 1934 1434 15

115 1464 243 1508 sunt
283 1473 454 1524 quam
499 1454 718 1507 initium
764 1456 1032 1508 narrandi
1078 1456 1303 1508 faciam.

185 1554 228 1590 5ο
270 1538 491 1622 LUcIUs
522 1538 829 1592 CAT1L1NA
860 1540 1032 1591 nobili
1063 1557 1274 1610 genere
1304 1550 1467 1593 natus
1499 1540 1619 1602 fuit,
1644 1559 1855 1613 magna

110 1625 160 1675 vi
206 1633 259 1675 et
301 1622 471 1674 animi
524 1632 577 1674 et
618 1623 888 1692 corporiS‚
938 1623 1037 1675 sed
1085 1623 1315 1693 ingenio
1353 1625 1502 1676 malo
1544 1642 1851 1695 pravoque.

113 1707 263 1759 Huic
294 1707 364 1758 ab
397 1706 785 1758 adulescentia
815 1707 964 1759 bella
999 1706 1282 1767 intestina,
1325 1708 1551 1768 caedeS,
1595 1709 1850 1778 rapinae,

111 1790 393 1843 discordia
431 1789 611 1843 civilis
653 1800 815 1861 grata
857 1790 1033 1852 fuere,
1073 1790 1260 1859 ibique
1300 1790 1652 1862 juventutem
1695 1810 1854 1844 suam
1884 1816 1938 1846 20

110 1874 381 1927 exercuit.
492 1872 716 1943 Corpus
771 1874 990 1943 patiens
1055 1874 1300 1934 inediae,
1348 1873 1581 1944 algoris,
1625 1875 1856 1946 vigiliae

110 1976 280 2027 supra
326 1975 495 2028 quam
542 1957 808 2027 cuiquam
857 1957 1124 2009 credibile
1171 1967 1270 2009 est.
1358 1956 1600 2010 Animus
1641 1959 1852 2020 audaX,

110 2042 402 2102 sudeIUS,
435 2041 646 2102 varius,
683 2040 842 2112 cujus
874 2041 952 2093 rei
984 2041 1136 2093 lubet
1175 2040 1466 2093 simulator
1496 2058 1562 2092 ac
1594 2042 1855 2094 dissimu-

110 2125 284 2176 lator:
330 2125 498 2177 alieni
531 2134 823 2194 appetenS,
859 2124 942 2176 sui
984 2124 1266 2193 profusus,
1301 2124 1506 2176 ardens
1541 2124 1597 2175 in
1641 2125 1857 2194 cupidi-

110 2214 347 2265 tatibus:
410 2214 544 2267 satis
590 2214 966 2285 eloquentiae,
1021 2212 1331 2281 sapientiae
1378 2230 1613 2281 parum:
1663 2223 1856 2266 vastus
1879 2235 1930 2278 25

111 2297 332 2349 animus
377 2297 770 2360 immoderata,
816 2296 1191 2357 incredibilia,
1241 2296 1407 2348 nimis
1463 2297 1575 2348 alta
1630 2314 1856 2367 semper

110 2380 391 2449 cupiebat.
504 2381 675 2434 Hunc
744 2391 868 2451 post
934 2380 1378 2434 dominationem
1445 2379 1591 2432 Luci
1660 2380 1857 2433 Sullae

110 2462 300 2515 lubido
355 2481 625 2516 maxuma
692 2464 977 2518 invaserat
1031 2465 1110 2517 rei
1180 2464 1442 2532 publicae
1511 2463 1853 2532 capiundae,

111 2563 291 2616 neque
322 2546 378 2599 id
407 2548 611 2617 quibus
643 2548 822 2600 modis
855 2549 1281 2619 adsequeretur,
1315 2547 1448 2598 dum
1481 2547 1585 2598 sibi
1615 2564 1854 2618 regnum

111 2639 352 2697 pararet,
395 2630 699 2700 quicquam
737 2631 896 2700 pensi
935 2626 1198 2684 habebat.
1287 2629 1630 2701 Agitabatur
1670 2631 1856 2701 magis
1876 2646 1931 2688 30

111 2713 406 2783 magisque
435 2713 492 2764 in
527 2714 645 2766 dies
686 2715 906 2767 animus
950 2715 1109 2767 ferox
1139 2715 1330 2784 inopia
1362 2714 1441 2766 rei
1481 2713 1776 2765 familiaris
1805 2723 1858 2765 et

110 2796 454 2848 conscientia
484 2798 783 2857 scelerum,
818 2817 963 2868 quae
991 2808 1227 2868 utraque
1259 2799 1338 2851 eis
1381 2798 1591 2850 artibus
1624 2806 1857 2848 auxerat

110 2895 250 2947 quas
299 2897 467 2948 supra
504 2881 832 2932 memoravi.
918 2881 1234 2933 Incitabant
1276 2891 1567 2950 praeterea
1612 2882 1854 2949 corrupti

111 2961 347 3014 civitatis
377 2981 583 3023 mores,
609 2981 748 3033 quos
780 2981 1044 3032 pessuma
1077 2982 1143 3016 ac
1167 2965 1390 3016 divorsa
1420 2964 1562 3017 inter
1588 2982 1648 3017 se
1680 2964 1851 3023 mala,

111 3044 334 3097 luxuria
368 3056 531 3116 atque
563 3046 817 3107 avaritia,
851 3048 1154 3100 vexabant.
1875 3058 1928 3101 35

186 3127 307 3181 Res
348 3128 470 3199 ipsa
509 3129 718 3183 hortari
747 3129 986 3194 videtur,
1019 3131 1287 3203 quoniam
1328 3131 1397 3184 de
1440 3132 1688 3185 moribus
1720 3133 1853 3186 civi-
