2155 3447
216 85 333 126 CAT.
380 83 468 140 53.]
541 67 656 119 lee
693 67 1101 138 Conspz'rators
1129 87 1232 120 are
1270 69 1648 121 Condemned.
1883 82 1948 137 35

212 247 378 288 suum,
422 232 561 295 quod
610 232 652 279 is
700 239 876 280 contra
924 233 1208 295 imperium
1258 233 1310 279 in
1359 234 1561 281 hostem
1610 239 1944 295 pugnaverat.

211 309 379 354 necari
401 309 566 370 jussit,
590 316 740 371 atque
768 309 852 355 ille
873 310 1111 371 egregius
1133 309 1433 356 adulescens
1460 309 1831 355 immoderatae
1852 308 1948 354 for·

210 384 438 429 titudinis
466 391 626 430 morte
653 401 847 446 poenas
867 385 1036 431 dedit:
1064 401 1155 431 vos
1179 385 1241 430 de
1268 385 1655 431 crudelissumis
1676 384 1948 446 parricidis

208 460 331 521 quid
381 461 612 506 statuatis
660 460 1009 506 cunctamini?
1090 459 1353 506 Videlicet
1401 467 1567 506 cetera
1615 461 1720 505 vita
1769 475 1946 505 eorum

209 535 325 580 huic
353 535 529 580 sceleri
551 534 733 581 obstat.
805 535 1006 581 Verum
1032 536 1225 597 parcite
1253 535 1488 596 dignitati
1517 535 1742 590 Lentuli,
1771 535 1810 580 si
1838 535 1947 596 ipse

207 609 504 671 pudicitiae,
544 610 583 655 si
623 610 789 655 famae
828 626 968 666 suae,
1009 610 1048 655 si
1088 610 1198 656 deis
1240 617 1327 656 aut
1363 610 1661 655 hominibus
1698 626 1946 672 umquam

207 685 323 730 ullis
359 686 620 747 pepercit:
661 685 910 746 ignoscite
939 683 1158 746 Cethegi
1197 685 1594 741 adulescentiae,
1624 685 1720 730 nisi
1760 685 1944 730 iterum

206 760 403 821 patriae
440 759 635 806 bellum
672 760 807 806 fecit.
879 760 1020 806 Nam
1059 760 1183 822 quid
1222 776 1318 821 ego
1357 761 1418 806 de
1446 759 1690 817 Gabinio,
1720 757 1944 816 Statilio,

207 833 463 897 Caepario
492 835 703 898 loquar?
729 834 916 897 quibus
942 836 981 881 si
1004 837 1285 897 quicquam
1307 852 1557 898 umquam
1579 836 1724 897 pensi
1751 835 1945 891 fuisset,

206 927 307 956 non
333 927 391 956 ea
419 911 634 956 consilia
660 911 722 956 de
749 927 801 956 re
837 910 1045 973 publica
1072 910 1386 957 habuissent.
1460 911 1748 966 PostremO,
1775 918 1946 972 patres

204 987 499 1048 conscripti,
538 986 577 1032 si
621 986 990 1047 (mehercules)
1031 994 1246 1048 peccato
1291 987 1434 1032 locus
1471 994 1620 1043 esset,
1658 986 1809 1031 facile
1859 1002 1947 1048 pa-

204 1068 336 1108 terer
370 1078 461 1107 vos
499 1062 611 1123 ipsa
648 1077 700 1107 re
739 1062 944 1122 corrigi,
972 1062 1220 1123 quoniam
1257 1060 1412 1107 verba
1451 1061 1815 1107 contemnitis:
1858 1061 1945 1107 sed

202 1137 429 1199 undique
467 1137 802 1183 circumventi
842 1152 1034 1182 sumus,
1109 1134 1333 1183 Catilina
1367 1153 1484 1182 cum
1523 1137 1748 1182 exercitu
1786 1136 1944 1182 fauci-

200 1211 297 1258 bus
337 1219 534 1273 urguet,
576 1212 662 1257 alii
704 1213 835 1257 intra
877 1212 1081 1257 moenia
1126 1219 1278 1273 atque
1328 1212 1379 1257 in
1430 1212 1542 1257 sinu
1587 1210 1781 1273 [urbis]
1828 1219 1945 1258 sunt

202 1288 389 1343 hostes,
414 1304 577 1349 neque
599 1287 769 1349 parari
798 1303 962 1348 neque
990 1287 1187 1332 consuli
1214 1288 1495 1349 quicquain
1516 1294 1686 1349 potest
1710 1288 1908 1333 occulte
1931 1306 1940 1334 :

202 1380 304 1425 quo
332 1363 498 1424 magis
523 1363 913 1424 properandum
942 1369 1030 1407 est.

269 1443 299 1464 ‘⁶
321 1437 439 1500 Qua
461 1454 513 1484 re
534 1454 629 1499 ego
652 1438 718 1483 ita
741 1454 924 1483 censeo
945 1456 954 1483 :
984 1454 1101 1483 cum
1125 1438 1319 1483 nefario
1341 1438 1556 1483 consilio
1578 1439 1942 1484 sceleratorum

201 1515 392 1560 civium
430 1529 509 1559 res
545 1512 754 1575 publica
793 1513 844 1557 in
884 1529 1127 1557 maxuma
1165 1512 1397 1574 pericula
1434 1513 1645 1569 venerit,
1682 1513 1834 1574 eique
1874 1514 1944 1558 in-

200 1590 334 1635 dicio
361 1589 424 1634 T.
453 1588 689 1635 Volturci
718 1594 767 1633 et
800 1588 1086 1648 legatorum
1113 1586 1463 1649 Allobrogum
1491 1588 1712 1633 convicti
1751 1588 1944 1634 confes-

200 1665 343 1726 sique
383 1665 498 1720 sint,
526 1664 737 1709 caedem
766 1663 1002 1709 incendia
1031 1663 1233 1724 aliaque
1273 1678 1324 1708 se
1361 1663 1511 1709 foeda
1536 1671 1688 1725 atque
1715 1664 1939 1709 crudelia

198 1740 426 1786 facinora
465 1740 514 1784 in
553 1739 678 1784 civis
715 1739 1041 1800 patriamque
1079 1739 1358 1800 paravisse,
1395 1738 1457 1783 de
1496 1738 1756 1794 confessis,
1795 1740 1941 1785 sicuti

199 1817 260 1861 de
290 1815 589 1860 manufestis
616 1830 785 1859 rerum
813 1813 1132 1875 capitalium,
1163 1829 1305 1859 more
1332 1814 1586 1876 majorum
1622 1814 1939 1876 supplicium

199 1890 562 1937 sumun(lum.’'

270 2001 345 2040 53.
400 1989 706 2059 Postquam
738 1988 881 2041 Cato
913 1989 1150 2047 adsedit,
1186 1990 1515 2043 consulares
1541 2008 1739 2043 omnes
1783 1991 1944 2042 item-

198 2091 306 2143 que
336 2084 563 2125 senatus
606 2090 816 2143 magna
847 2090 976 2141 pars
1006 2072 1340 2124 sententiam
1385 2073 1504 2143 ejus
1546 2074 1799 2134 laudant,
1833 2076 1942 2125 vir-

198 2166 370 2208 tutem
412 2156 583 2207 animi
627 2157 697 2207 ad
738 2156 958 2207 caelum
1002 2155 1219 2207 ferunt:
1265 2156 1358 2207 alii
1402 2157 1541 2208 alios
1584 2157 1941 2226 increpantes

197 2240 420 2291 timidos
461 2249 686 2299 vocant,
730 2238 873 2291 Cato
924 2240 1110 2291 clarus
1161 2249 1325 2309 atque
1372 2258 1618 2311 magnus
1668 2242 1939 2293 habetur:

199 2323 376 2376 senati
407 2323 694 2375 decretum
723 2323 782 2374 fit
811 2323 953 2374 sicut
980 2322 1074 2374 ille
1105 2332 1420 2375 censuerat.

274 2406 391 2458 Sed
423 2406 559 2457 mihi
591 2407 764 2459 multa
806 2406 1040 2477 legenti,
1075 2407 1248 2458 multa
1280 2408 1552 2468 audienti,
1585 2426 1733 2479 quae
1763 2428 1942 2480 popu-

1983 931 2030 961 [Ο

1982 1301 2027 1344 15

1975 2105 2026 2146 25

199 2491 285 2542 lus
315 2490 615 2542 Romanus
644 2490 795 2542 domi
834 2489 1196 2559 militiaeque,
1231 2491 1371 2542 mari
1411 2502 1575 2562 atque
1604 2502 1750 2545 terra
1780 2512 1943 2563 prae·-
1971 2516 2026 2559 30

200 2574 351 2625 clara
400 2574 650 2625 facinora
692 2573 840 2633 fecit,
888 2574 1026 2625 forte
1069 2574 1247 2625 lubuit
1290 2576 1616 2637 adtendere,
1662 2595 1808 2648 quae
1851 2597 1939 2631 res

200 2675 464 2709 maxume
507 2667 660 2709 tanta
703 2657 930 2727 negotia
974 2658 1346 2710 sustinuisset.
1433 2659 1697 2712 Sciebam
1743 2679 1939 2731 saepe-

199 2760 432 2792 numero
472 2759 647 2810 parva
683 2759 853 2793 manu
899 2760 1025 2794 curn
1067 2742 1290 2813 magnis
1334 2743 1651 2814 legionibus
1696 2745 1936 2798 hostium

199 2826 588 2886 contendisse3
660 2844 1043 2897 cognoveram
1100 2827 1288 2896 parvis
1344 2828 1518 2897 copiis
1574 2829 1724 2881 bella
1779 2839 1938 2900 gesta

200 2928 325 2961 cum
358 2909 635 2979 opulentis
666 2911 930 2981 regibus3
978 2910 1049 2962 ad
1091 2911 1199 2962 hoc
1239 2929 1410 2980 saepe
1442 2912 1697 2964 fortunae
1727 2913 1938 2966 violen-
1967 2927 2018 2970 35

197 2995 328 3046 tiam
359 2995 719 3055 toleravisse3
764 2994 1029 3046 facundia
1060 2993 1334 3055 GraeCOS‚
1367 2995 1547 3066 gloria
1576 2996 1709 3048 belli
1740 2996 1938 3049 Gallos

198 3089 324 3129 ante
355 3077 650 3130 Romanos
680 3077 870 3130 fuisse.
954 3075 1044 3129 Ac
1074 3076 1210 3129 mihi
1250 3079 1422 3130 multa
1455 3079 1687 3149 agitanti
1719 3090 1935 3132 consta-

197 3160 289 3212 bat
319 3179 626 3231 paucorum
659 3161 864 3213 civium
905 3160 1197 3231 egregiam
1231 3161 1487 3213 virtutem
1522 3173 1721 3215 cuncta
1753 3172 1926 3233 patra-
