<?xml version="1.0" encoding="UTF-8"?>
<!DOCTYPE html PUBLIC "-//W3C//DTD XHTML 1.0 Transitional//EN"
    "http://www.w3.org/TR/xhtml1/DTD/xhtml1-transitional.dtd">
<html xmlns="http://www.w3.org/1999/xhtml" xml:lang="en" lang="en">
 <head>
  <title>
</title>
<meta http-equiv="Content-Type" content="text/html;charset=utf-8" />
  <meta name='ocr-system' content='tesseract 3.04.00' />
  <meta name='ocr-capabilities' content='ocr_page ocr_carea ocr_par ocr_line ocrx_word'/>
</head>
<body>
  <div class='ocr_page' id='page_1' title='image "./gaisalusticrispix00sall_0057.png"; bbox 0 0 2155 3447; ppageno 0'>
   <div class='ocr_carea' id='block_1_1' title="bbox 177 111 1909 187">
    <p class='ocr_par' dir='ltr' id='par_1_1' title="bbox 177 111 1909 187">
     <span class='ocr_line' id='line_1_1' title="bbox 177 111 1909 187; baseline -0.006 -16"><span class='ocrx_word' id='word_1_1' title='bbox 177 125 294 171; x_wconf 81' lang='lat' dir='ltr'><strong>CAT.</strong></span> <span class='ocrx_word' id='word_1_2' title='bbox 330 127 422 184; x_wconf 87' lang='lat'>61.]</span> <span class='ocrx_word' id='word_1_3' title='bbox 782 111 961 180; x_wconf 76' lang='lat' dir='ltr'>After</span> <span class='ocrx_word' id='word_1_4' title='bbox 1000 113 1091 164; x_wconf 73' lang='lat' dir='ltr'>tlte</span> <span class='ocrx_word' id='word_1_5' title='bbox 1130 113 1349 165; x_wconf 76' lang='lat' dir='ltr'>Battle.</span> <span class='ocrx_word' id='word_1_6' title='bbox 1845 133 1909 187; x_wconf 85' lang='lat'>41</span> 
     </span>
    </p>
   </div>
   <div class='ocr_carea' id='block_1_2' title="bbox 163 274 1987 1534">
    <p class='ocr_par' dir='ltr' id='par_1_2' title="bbox 163 274 1987 1534">
     <span class='ocr_line' id='line_1_2' title="bbox 175 274 1914 335; baseline 0.002 -7"><span class='ocrx_word' id='word_1_7' title='bbox 175 274 453 328; x_wconf 90' lang='lat' dir='ltr'>divorsius</span> <span class='ocrx_word' id='word_1_8' title='bbox 482 275 591 326; x_wconf 77' lang='lat' dir='ltr'>alis</span> <span class='ocrx_word' id='word_1_9' title='bbox 618 275 1017 335; x_wconf 70' lang='lat' dir='ltr'>alz‘bz‘stantCS,</span> <span class='ocrx_word' id='word_1_10' title='bbox 1049 276 1150 327; x_wconf 90' lang='lat' dir='ltr'>sed</span> <span class='ocrx_word' id='word_1_11' title='bbox 1191 294 1387 328; x_wconf 91' lang='lat' dir='ltr'>omnes</span> <span class='ocrx_word' id='word_1_12' title='bbox 1429 285 1619 328; x_wconf 91' lang='lat' dir='ltr'>tamen</span> <span class='ocrx_word' id='word_1_13' title='bbox 1662 278 1914 332; x_wconf 82' lang='lat' dir='ltr'>advorsis</span> 
     </span>
     <span class='ocr_line' id='line_1_3' title="bbox 172 357 1914 431; baseline 0.002 -21"><span class='ocrx_word' id='word_1_14' title='bbox 172 358 495 411; x_wconf 87' lang='lat' dir='ltr'>volneribus</span> <span class='ocrx_word' id='word_1_15' title='bbox 544 357 923 410; x_wconf 79' lang='lat' dir='ltr'>conciderant.</span> <span class='ocrx_word' id='word_1_16' title='bbox 1007 357 1253 409; x_wconf 81' lang='lat' dir='ltr'>Catilina</span> <span class='ocrx_word' id='word_1_17' title='bbox 1297 375 1431 410; x_wconf 91' lang='lat' dir='ltr'>vero</span> <span class='ocrx_word' id='word_1_18' title='bbox 1487 360 1658 431; x_wconf 84' lang='lat' dir='ltr'>longe</span> <span class='ocrx_word' id='word_1_19' title='bbox 1714 379 1746 413; x_wconf 87' lang='lat' dir='ltr'>a</span> <span class='ocrx_word' id='word_1_20' title='bbox 1801 363 1914 414; x_wconf 91' lang='lat' dir='ltr'>suis</span> 
     </span>
     <span class='ocr_line' id='line_1_4' title="bbox 170 442 1911 512; baseline 0.003 -18"><span class='ocrx_word' id='word_1_21' title='bbox 170 444 312 494; x_wconf 89' lang='lat' dir='ltr'>inter</span> <span class='ocrx_word' id='word_1_22' title='bbox 353 442 596 494; x_wconf 91' lang='lat' dir='ltr'>hostium</span> <span class='ocrx_word' id='word_1_23' title='bbox 639 442 919 493; x_wconf 84' lang='lat' dir='ltr'>cadavera</span> <span class='ocrx_word' id='word_1_24' title='bbox 960 451 1215 510; x_wconf 89' lang='lat' dir='ltr'>repertus</span> <span class='ocrx_word' id='word_1_25' title='bbox 1258 451 1360 503; x_wconf 91' lang='lat' dir='ltr'>est,</span> <span class='ocrx_word' id='word_1_26' title='bbox 1408 445 1703 512; x_wconf 86' lang='lat' dir='ltr'>paululum</span> <span class='ocrx_word' id='word_1_27' title='bbox 1746 447 1911 498; x_wconf 85' lang='lat' dir='ltr'>etiarn</span> 
     </span>
     <span class='ocr_line' id='line_1_5' title="bbox 170 516 1907 596; baseline 0.002 -18"><span class='ocrx_word' id='word_1_28' title='bbox 170 527 410 596; x_wconf 79' lang='lat' dir='ltr'>spirans,</span> <span class='ocrx_word' id='word_1_29' title='bbox 441 526 823 595; x_wconf 79' lang='lat' dir='ltr'>ferociamque</span> <span class='ocrx_word' id='word_1_30' title='bbox 867 525 1063 587; x_wconf 86' lang='lat' dir='ltr'>animi,</span> <span class='ocrx_word' id='word_1_31' title='bbox 1109 544 1280 596; x_wconf 90' lang='lat' dir='ltr'>quam</span> <span class='ocrx_word' id='word_1_32' title='bbox 1324 516 1601 582; x_wconf 78' lang='lat' dir='ltr'>habuerat</span> <span class='ocrx_word' id='word_1_33' title='bbox 1640 530 1816 592; x_wconf 83' lang='lat' dir='ltr'>viVOS‚</span> <span class='ocrx_word' id='word_1_34' title='bbox 1857 533 1907 583; x_wconf 87' lang='lat' dir='ltr'>in</span> 
     </span>
     <span class='ocr_line' id='line_1_6' title="bbox 168 610 1960 686; baseline 0.002 -22"><span class='ocrx_word' id='word_1_35' title='bbox 168 613 318 664; x_wconf 90' lang='lat' dir='ltr'>voltu</span> <span class='ocrx_word' id='word_1_36' title='bbox 364 612 629 663; x_wconf 84' lang='lat' dir='ltr'>retinens.</span> <span class='ocrx_word' id='word_1_37' title='bbox 735 610 1028 662; x_wconf 87' lang='lat' dir='ltr'>Postremo</span> <span class='ocrx_word' id='word_1_38' title='bbox 1078 629 1151 662; x_wconf 83' lang='lat' dir='ltr'>ex</span> <span class='ocrx_word' id='word_1_39' title='bbox 1196 613 1349 664; x_wconf 90' lang='lat' dir='ltr'>omni</span> <span class='ocrx_word' id='word_1_40' title='bbox 1407 615 1571 684; x_wconf 92' lang='lat' dir='ltr'>copia</span> <span class='ocrx_word' id='word_1_41' title='bbox 1619 634 1802 686; x_wconf 88' lang='lat' dir='ltr'>neque</span> <span class='ocrx_word' id='word_1_42' title='bbox 1856 617 1960 680; x_wconf 86' lang='lat' dir='ltr'>in5</span> 
     </span>
     <span class='ocr_line' id='line_1_7' title="bbox 170 695 1910 770; baseline 0.003 -22"><span class='ocrx_word' id='word_1_43' title='bbox 170 696 380 766; x_wconf 87' lang='lat' dir='ltr'>proelio</span> <span class='ocrx_word' id='word_1_44' title='bbox 411 714 592 766; x_wconf 89' lang='lat' dir='ltr'>neque</span> <span class='ocrx_word' id='word_1_45' title='bbox 635 696 690 746; x_wconf 92' lang='lat' dir='ltr'>in</span> <span class='ocrx_word' id='word_1_46' title='bbox 721 696 857 766; x_wconf 84' lang='lat' dir='ltr'>fuga</span> <span class='ocrx_word' id='word_1_47' title='bbox 887 695 1189 766; x_wconf 81' lang='lat' dir='ltr'>quisquam</span> <span class='ocrx_word' id='word_1_48' title='bbox 1221 697 1358 750; x_wconf 90' lang='lat' dir='ltr'>civis</span> <span class='ocrx_word' id='word_1_49' title='bbox 1400 700 1684 770; x_wconf 85' lang='lat' dir='ltr'>ingenuus</span> <span class='ocrx_word' id='word_1_50' title='bbox 1714 711 1910 770; x_wconf 88' lang='lat' dir='ltr'>captus</span> 
     </span>
     <span class='ocr_line' id='line_1_8' title="bbox 168 781 1904 855; baseline 0.003 -22"><span class='ocrx_word' id='word_1_51' title='bbox 168 791 250 834; x_wconf 91' lang='lat' dir='ltr'>est</span> <span class='ocrx_word' id='word_1_52' title='bbox 272 801 282 830; x_wconf 93' lang='lat'><strong>:</strong></span> <span class='ocrx_word' id='word_1_53' title='bbox 315 782 388 832; x_wconf 92' lang='lat' dir='ltr'>ita</span> <span class='ocrx_word' id='word_1_54' title='bbox 413 781 597 832; x_wconf 87' lang='lat' dir='ltr'>cuncti</span> <span class='ocrx_word' id='word_1_55' title='bbox 623 798 756 832; x_wconf 90' lang='lat' dir='ltr'>suae</span> <span class='ocrx_word' id='word_1_56' title='bbox 782 781 1140 851; x_wconf 88' lang='lat' dir='ltr'>hostiumque</span> <span class='ocrx_word' id='word_1_57' title='bbox 1165 782 1311 835; x_wconf 85' lang='lat' dir='ltr'>vitae</span> <span class='ocrx_word' id='word_1_58' title='bbox 1335 783 1493 855; x_wconf 87' lang='lat' dir='ltr'>juxta</span> <span class='ocrx_word' id='word_1_59' title='bbox 1518 797 1904 854; x_wconf 79' lang='lat' dir='ltr'>pepercerant.</span> 
     </span>
     <span class='ocr_line' id='line_1_9' title="bbox 240 865 1910 936; baseline 0.004 -19"><span class='ocrx_word' id='word_1_60' title='bbox 240 865 443 935; x_wconf 87' lang='lat' dir='ltr'>Neque</span> <span class='ocrx_word' id='word_1_61' title='bbox 484 875 671 917; x_wconf 87' lang='lat' dir='ltr'>tamen</span> <span class='ocrx_word' id='word_1_62' title='bbox 714 865 995 918; x_wconf 86' lang='lat' dir='ltr'>exercitus</span> <span class='ocrx_word' id='word_1_63' title='bbox 1038 868 1231 936; x_wconf 91' lang='lat' dir='ltr'>populi</span> <span class='ocrx_word' id='word_1_64' title='bbox 1275 869 1523 921; x_wconf 88' lang='lat' dir='ltr'>Romani</span> <span class='ocrx_word' id='word_1_65' title='bbox 1566 871 1769 922; x_wconf 84' lang='lat' dir='ltr'>laetam</span> <span class='ocrx_word' id='word_1_66' title='bbox 1817 882 1910 923; x_wconf 89' lang='lat' dir='ltr'>aut</span> 
     </span>
     <span class='ocr_line' id='line_1_10' title="bbox 166 951 1909 1022; baseline 0.002 -18"><span class='ocrx_word' id='word_1_67' title='bbox 166 953 517 1005; x_wconf 84' lang='lat' dir='ltr'>incruentam</span> <span class='ocrx_word' id='word_1_68' title='bbox 542 951 831 1002; x_wconf 86' lang='lat' dir='ltr'>victoriam</span> <span class='ocrx_word' id='word_1_69' title='bbox 859 952 1096 1022; x_wconf 88' lang='lat' dir='ltr'>adeptus</span> <span class='ocrx_word' id='word_1_70' title='bbox 1127 964 1278 1005; x_wconf 86' lang='lat' dir='ltr'>erat:</span> <span class='ocrx_word' id='word_1_71' title='bbox 1309 972 1441 1006; x_wconf 86' lang='lat' dir='ltr'>nam</span> <span class='ocrx_word' id='word_1_72' title='bbox 1473 956 1909 1008; x_wconf 83' lang='lat' dir='ltr'>strenuissumus</span> 
     </span>
     <span class='ocr_line' id='line_1_11' title="bbox 165 1036 1987 1111; baseline -0.001 -22"><span class='ocrx_word' id='word_1_73' title='bbox 165 1039 402 1109; x_wconf 90' lang='lat' dir='ltr'>quisque</span> <span class='ocrx_word' id='word_1_74' title='bbox 446 1046 540 1088; x_wconf 87' lang='lat' dir='ltr'>aut</span> <span class='ocrx_word' id='word_1_75' title='bbox 580 1036 864 1089; x_wconf 88' lang='lat' dir='ltr'>occiderat</span> <span class='ocrx_word' id='word_1_76' title='bbox 906 1039 962 1089; x_wconf 89' lang='lat' dir='ltr'>in</span> <span class='ocrx_word' id='word_1_77' title='bbox 1006 1039 1240 1107; x_wconf 86' lang='lat' dir='ltr'>proelio,</span> <span class='ocrx_word' id='word_1_78' title='bbox 1275 1049 1370 1091; x_wconf 90' lang='lat' dir='ltr'>aut</span> <span class='ocrx_word' id='word_1_79' title='bbox 1411 1040 1658 1111; x_wconf 83' lang='lat' dir='ltr'>graviter</span> <span class='ocrx_word' id='word_1_80' title='bbox 1685 1042 1987 1093; x_wconf 86' lang='lat' dir='ltr'>volner-10</span> 
     </span>
     <span class='ocr_line' id='line_1_12' title="bbox 166 1111 1909 1194; baseline 0.002 -19"><span class='ocrx_word' id='word_1_81' title='bbox 166 1133 289 1175; x_wconf 89' lang='lat' dir='ltr'>atus</span> <span class='ocrx_word' id='word_1_82' title='bbox 331 1123 686 1174; x_wconf 87' lang='lat' dir='ltr'>discesserat.</span> <span class='ocrx_word' id='word_1_83' title='bbox 773 1122 941 1175; x_wconf 88' lang='lat' dir='ltr'>Multi</span> <span class='ocrx_word' id='word_1_84' title='bbox 985 1111 1192 1184; x_wconf 86' lang='lat' dir='ltr'>autern,</span> <span class='ocrx_word' id='word_1_85' title='bbox 1238 1125 1333 1194; x_wconf 87' lang='lat' dir='ltr'>qui</span> <span class='ocrx_word' id='word_1_86' title='bbox 1375 1143 1404 1176; x_wconf 96' lang='lat' dir='ltr'>e</span> <span class='ocrx_word' id='word_1_87' title='bbox 1449 1126 1643 1177; x_wconf 88' lang='lat' dir='ltr'>castris</span> <span class='ocrx_word' id='word_1_88' title='bbox 1685 1126 1909 1178; x_wconf 86' lang='lat' dir='ltr'>visundi</span> 
     </span>
     <span class='ocr_line' id='line_1_13' title="bbox 165 1207 1907 1279; baseline 0.002 -19"><span class='ocrx_word' id='word_1_89' title='bbox 165 1218 259 1260; x_wconf 89' lang='lat' dir='ltr'>aut</span> <span class='ocrx_word' id='word_1_90' title='bbox 303 1207 581 1276; x_wconf 88' lang='lat' dir='ltr'>spoliandi</span> <span class='ocrx_word' id='word_1_91' title='bbox 638 1208 819 1279; x_wconf 85' lang='lat' dir='ltr'>gratia</span> <span class='ocrx_word' id='word_1_92' title='bbox 878 1220 1293 1278; x_wconf 85' lang='lat' dir='ltr'>processerant,</span> <span class='ocrx_word' id='word_1_93' title='bbox 1338 1210 1629 1262; x_wconf 86' lang='lat' dir='ltr'>volventes</span> <span class='ocrx_word' id='word_1_94' title='bbox 1685 1211 1907 1263; x_wconf 88' lang='lat' dir='ltr'>hostilia</span> 
     </span>
     <span class='ocr_line' id='line_1_14' title="bbox 164 1293 1911 1366; baseline 0.001 -19"><span class='ocrx_word' id='word_1_95' title='bbox 164 1295 464 1354; x_wconf 86' lang='lat' dir='ltr'>cadavera,</span> <span class='ocrx_word' id='word_1_96' title='bbox 495 1293 739 1345; x_wconf 87' lang='lat' dir='ltr'>amicum</span> <span class='ocrx_word' id='word_1_97' title='bbox 767 1294 881 1354; x_wconf 87' lang='lat' dir='ltr'>alii,</span> <span class='ocrx_word' id='word_1_98' title='bbox 910 1312 1041 1364; x_wconf 93' lang='lat' dir='ltr'>pars</span> <span class='ocrx_word' id='word_1_99' title='bbox 1068 1294 1345 1364; x_wconf 87' lang='lat' dir='ltr'>hospitem</span> <span class='ocrx_word' id='word_1_100' title='bbox 1372 1304 1466 1346; x_wconf 89' lang='lat' dir='ltr'>aut</span> <span class='ocrx_word' id='word_1_101' title='bbox 1496 1305 1800 1366; x_wconf 82' lang='lat' dir='ltr'>cognatum</span> <span class='ocrx_word' id='word_1_102' title='bbox 1825 1314 1911 1349; x_wconf 93' lang='lat' dir='ltr'>re-</span> 
     </span>
     <span class='ocr_line' id='line_1_15' title="bbox 163 1379 1903 1450; baseline 0.001 -20"><span class='ocrx_word' id='word_1_103' title='bbox 163 1379 489 1449; x_wconf 82' lang='lat' dir='ltr'>periebant3</span> <span class='ocrx_word' id='word_1_104' title='bbox 532 1379 687 1431; x_wconf 89' lang='lat' dir='ltr'>fuere</span> <span class='ocrx_word' id='word_1_105' title='bbox 717 1380 849 1432; x_wconf 91' lang='lat' dir='ltr'>item</span> <span class='ocrx_word' id='word_1_106' title='bbox 879 1380 974 1450; x_wconf 91' lang='lat' dir='ltr'>qui</span> <span class='ocrx_word' id='word_1_107' title='bbox 1017 1380 1275 1432; x_wconf 90' lang='lat' dir='ltr'>inimicos</span> <span class='ocrx_word' id='word_1_108' title='bbox 1315 1399 1445 1433; x_wconf 92' lang='lat' dir='ltr'>suos</span> <span class='ocrx_word' id='word_1_109' title='bbox 1477 1391 1903 1450; x_wconf 82' lang='lat' dir='ltr'>cognoscerent.</span> 
     </span>
     <span class='ocr_line' id='line_1_16' title="bbox 164 1465 1984 1534; baseline 0.002 -17"><span class='ocrx_word' id='word_1_110' title='bbox 164 1465 247 1517; x_wconf 89' lang='lat' dir='ltr'>Ita</span> <span class='ocrx_word' id='word_1_111' title='bbox 276 1465 429 1517; x_wconf 86' lang='lat' dir='ltr'>varie</span> <span class='ocrx_word' id='word_1_112' title='bbox 460 1483 560 1534; x_wconf 87' lang='lat' dir='ltr'>per</span> <span class='ocrx_word' id='word_1_113' title='bbox 588 1484 814 1518; x_wconf 89' lang='lat' dir='ltr'>omnem</span> <span class='ocrx_word' id='word_1_114' title='bbox 845 1465 1152 1517; x_wconf 80' lang='lat' dir='ltr'>exercitum</span> <span class='ocrx_word' id='word_1_115' title='bbox 1183 1465 1415 1526; x_wconf 86' lang='lat' dir='ltr'>laetitia,</span> <span class='ocrx_word' id='word_1_116' title='bbox 1447 1482 1693 1527; x_wconf 87' lang='lat' dir='ltr'>maeror,</span> <span class='ocrx_word' id='word_1_117' title='bbox 1726 1467 1908 1520; x_wconf 90' lang='lat' dir='ltr'>luctus</span> <span class='ocrx_word' id='word_1_118' title='bbox 1938 1482 1984 1526; x_wconf 85' lang='lat'>15</span> 
     </span>
    </p>
   </div>
   <div class='ocr_carea' id='block_1_3' title="bbox 165 1551 978 1622">
    <p class='ocr_par' dir='ltr' id='par_1_3' title="bbox 165 1551 978 1622">
     <span class='ocr_line' id='line_1_17' title="bbox 165 1551 978 1622; baseline -0.002 -20"><span class='ocrx_word' id='word_1_119' title='bbox 165 1562 328 1622; x_wconf 84' lang='lat' dir='ltr'>atque</span> <span class='ocrx_word' id='word_1_120' title='bbox 359 1552 569 1622; x_wconf 80' lang='lat' dir='ltr'>gaudia</span> <span class='ocrx_word' id='word_1_121' title='bbox 600 1551 978 1622; x_wconf 79' lang='lat' dir='ltr'>agitabantur.</span> 
     </span>
    </p>
   </div>
  </div>
 </body>
</html>
