2155 3447
324 101 394 157 24
738 85 793 138 T
785 87 853 137 lte
891 86 1244 157 Conspz'racy
1287 88 1364 154 ff
1397 86 1665 137 Catz'lz'ne.
1892 85 2061 143 [SALL.

322 261 728 323 cognoverant,
762 250 1041 320 aperiunt.
1125 248 1344 316 Cicero,
1371 267 1473 319 per
1513 248 1773 322 Sangam
1832 254 2064 307 consilio

322 334 569 405 cognito,
627 334 830 405 legatis
897 333 1173 403 praecipit
1225 342 1285 385 ut
1351 332 1596 404 stu-dium
1664 334 2066 406 conjurationis

320 419 687 470 vehementer
728 415 1013 477 simulent,
1047 427 1262 468 ceteros
1305 416 1531 476 adeant,
1571 416 1717 468 bene
1759 418 2067 486 pollicean-

320 511 430 562 tur,
481 502 725 571 dentque
780 517 1014 569 operam
1063 499 1141 551 uti
1191 518 1286 551 eos
1331 516 1502 568 quam
1557 517 1827 552 maxume
1871 519 2067 554 manu—-

232 610 249 651 5
320 585 491 637 festos
522 585 785 635 habeant.

393 688 470 725 42.
512 672 744 724 Eisdem
776 674 891 724 fere
909 671 1257 741 temporibus
1287 671 1342 722 in
1387 670 1578 722 Gallia
1617 671 1873 725 citeriore
1904 683 2067 743 atque

320 756 605 816 ulteriore,
638 755 770 807 item
812 755 870 807 in
910 773 1048 826 agro
1077 754 1310 815 Piceno,
1345 753 1583 816 Bruttio,
1617 753 1853 824 Apulia,
1888 766 2067 809 motus

321 849 459 891 erat.
561 839 830 909 Namque
884 838 985 899 illi,
1044 856 1185 907 quos
1255 847 1383 889 ante
1452 837 1702 890 Catilina
1757 839 2064 900 dimiserat,

320 923 635 975 inconsulte
667 939 733 974 ac
760 921 933 973 veluti
976 938 1076 990 per
1106 920 1447 972 dementiam
1493 931 1696 974 cuncta
1740 922 1906 974 simul
1936 940 2069 993 age-

238 1034 288 1063 10
319 1009 456 1060 bant
478 1027 488 1058 :
520 1007 809 1059 nocturnis
829 1006 1098 1066 consiliiS,
1124 1024 1406 1057 armorum
1436 1016 1602 1076 atque
1626 1007 1864 1059 telorum
1887 1017 2071 1077 porta-

320 1091 584 1152 tionibus,
613 1091 952 1151 festinando,
980 1089 1252 1161 agitando
1274 1089 1487 1150 omnia,
1516 1091 1642 1159 plus
1665 1090 1878 1143 timoris
1901 1109 2068 1161 quam

321 1175 557 1244 periculi
589 1174 913 1226 effecerant.
995 1173 1084 1225 Ex
1115 1192 1182 1226 eo
1220 1191 1458 1225 numero
1495 1174 1803 1243 compluris
1836 1173 1923 1242 Q
1947 1173 2071 1226 Me-

321 1259 487 1310 tellus
517 1257 688 1310 Celer
716 1267 944 1327 praetor
968 1274 1041 1309 ex
1072 1266 1300 1308 senatus
1343 1258 1600 1309 consulto
1644 1275 1817 1310 causa
1847 1257 2072 1328 cognita

321 1341 378 1392 in
407 1342 636 1393 vincula
678 1341 1017 1412 conjecerat,
1050 1340 1182 1391 item
1225 1340 1281 1391 in
1323 1341 1589 1392 ulteriore
1620 1340 1809 1392 Gallia
1840 1340 1910 1393 C.
1945 1340 2073 1392 Mu-

241 1451 288 1494 15
323 1442 483 1485 rena,
515 1425 609 1495 qui
641 1424 690 1476 ei
729 1424 1053 1494 provinciae
1084 1425 1307 1495 legatus
1338 1428 1619 1493 praeerat.

397 1529 473 1565 43.
538 1512 618 1566 At
646 1513 870 1565 Romae
900 1512 1178 1565 Lentulus
1222 1531 1349 1564 cum
1397 1513 1618 1574 ceteriS,
1653 1513 1747 1583 qui
1791 1513 2074 1582 principes

324 1597 729 1670 conjurationis
750 1606 929 1658 erant,
953 1597 1163 1666 paratis
1187 1605 1247 1648 ut
1268 1596 1609 1648 videbantur
1629 1597 1853 1667 magnis
1875 1596 2071 1666 copiiS,

323 1682 727 1734 constituerant
765 1680 864 1741 uti,
898 1699 1027 1733 cum
1060 1680 1311 1732 Catilina
1352 1680 1411 1731 in
1455 1697 1658 1751 agrum
1689 1680 2073 1732 Faesulanum

323 1783 453 1818 cum
484 1765 735 1817 exercitu
763 1765 1032 1825 venisset,
1066 1763 1138 1816 L.
1172 1763 1365 1815 Bestia
1405 1763 1662 1815 tribunus
1705 1764 1912 1833 plebei,
1946 1782 2076 1816 con-

238 1872 292 1903 20
320 1849 471 1901 tione
514 1848 727 1908 habita,
773 1857 1101 1918 quereretur
1143 1848 1212 1899 de
1257 1847 1573 1899 actionibus
1605 1845 1922 1908 Ciceronis,
1960 1847 2076 1898 bel-

323 1933 472 2002 lique
503 1931 846 2003 gravissumi
887 1931 1159 1983 invidiam
1199 1941 1431 2000 optumo
1468 1930 1686 1982 consuli
1727 1930 2072 2000 imponeret:

323 2034 389 2067 eo
444 2015 631 2086 signO,
684 2033 964 2084 proxuma
1018 2024 1180 2067 nocte
1231 2024 1418 2066 cetera
1467 2013 1765 2066 multitudo
1819 2014 2076 2086 conjura-

324 2099 490 2152 tionis
528 2118 691 2150 suum
735 2099 974 2169 quisque
1016 2098 1310 2169 negotium
1350 2106 1776 2167 exsequeretur.
1862 2097 1979 2150 Sed
2008 2115 2073 2149 ea

323 2183 503 2235 divisa
536 2184 643 2234 hoc
683 2183 850 2234 modo
890 2182 1256 2234 dicebantur:
1302 2181 1557 2233 Statilius
1602 2191 1654 2232 et
1684 2180 1964 2234 Gabinius
1996 2182 2073 2234 uti

236 2296 288 2340 25
324 2284 452 2319 cum
477 2284 690 2337 magna
715 2284 887 2317 manu
909 2265 1209 2318 duodecim
1233 2266 1400 2317 simul
1425 2274 1744 2334 opportuna
1774 2265 1899 2317 loca
1922 2265 2074 2317 urbis

322 2350 713 2410 incenderent,
747 2368 856 2419 quo
897 2349 1138 2400 tumultu
1180 2349 1399 2400 facilior
1441 2348 1626 2400 aditus
1670 2349 1739 2400 ad
1784 2349 2072 2401 consulem

325 2443 652 2502 ceterosque
682 2433 885 2502 quibus
914 2432 1152 2484 insidiae
1181 2432 1530 2501 parabantur
1559 2432 1750 2491 fieret3
1782 2430 2073 2502 Cethegus

326 2516 620 2569 Ciceronis
656 2516 893 2587 januam
935 2516 1240 2577 obsideret,
1274 2533 1516 2586 eumque
1546 2515 1600 2567 vi
1644 2515 2071 2586 adgrederetur,

327 2601 469 2652 alius
520 2609 704 2651 autem
757 2600 963 2660 alium3
1016 2601 1115 2652 sed
1164 2599 1263 2650 filii
1307 2599 1674 2659 familiarum,
1719 2616 1959 2668 quorum
2004 2616 2074 2650 ex

238 2709 293 2751 30
327 2683 614 2735 nobilitate
663 2701 934 2734 maxuma
983 2701 1115 2752 pars
1162 2692 1300 2744 erat,
1354 2682 1604 2751 parentis
1660 2682 2071 2739 interficerent3

328 2768 516 2828 simul,
549 2768 723 2819 caede
762 2777 815 2818 et
857 2767 1118 2818 incendio
1148 2767 1423 2836 perculsis
1454 2766 1740 2827 omnibUS,
1776 2766 1847 2817 ad
1879 2764 2076 2817 Catili-

327 2869 460 2903 nam
504 2860 884 2920 erumperent.
984 2851 1138 2901 Inter
1178 2851 1323 2902 haec
1365 2859 1563 2920 parata
1615 2859 1780 2920 atque
1825 2850 2071 2909 decreta,

329 2934 625 3006 Cethegus
675 2953 899 3003 semper
947 2935 1287 3004 querebatur
1342 2935 1411 2986 de
1467 2934 1700 3005 ignavia
1759 2934 2072 2986 sociorum:

329 3018 455 3072 illos
497 3019 805 3071 dubitando
847 3028 900 3070 et
942 3018 1060 3070 dies
1102 3019 1436 3087 prolatando
1481 3036 1721 3089 magnas
1752 3015 2078 3087 opportuni-

240 3118 293 3164 35
330 3112 471 3155 tates
502 3120 898 3171 corrumpere3
943 3102 1110 3163 factO,
1145 3121 1256 3154 non
1288 3103 1542 3155 consulto
1585 3102 1641 3153 in
1684 3102 1780 3154 tali
1825 3100 2075 3172 periculo

330 3207 471 3259 opus
515 3206 672 3248 esse3
731 3206 922 3260 seque,
971 3188 1013 3240 si
1065 3187 1228 3258 pauci
1276 3187 1627 3259 adjuvarent,
1675 3185 2074 3258 languentibus
