2155 3447
220 119 289 155 20
628 104 743 156 The
781 106 1133 175 Conspz'racy
1175 104 1252 172 os‘
1287 104 1554 156 Catz‘lz‘ne.
1792 104 1960 187 [SAL11.

215 267 449 320 exilium
482 268 787 338 proficisci,
824 287 938 321 non
973 286 1085 338 quo
1124 267 1229 319 sibi
1262 266 1401 319 tanti
1439 266 1670 322 sceleris
1699 270 1961 323 conscius

213 359 381 411 esset,
409 351 508 403 sed
537 351 733 403 utires
762 351 990 420 publica
1020 350 1207 421 quieta
1236 350 1400 412 foret,
1424 369 1567 403 neve
1595 370 1669 404 ex
1697 370 1799 405 sua
1830 371 1961 405 con-

211 434 457 486 tentione
488 433 686 486 seditio
715 435 972 486 oriretur.
1018 433 1112 485 Ab
1144 433 1229 485 his
1258 433 1431 503 longe
1463 434 1718 486 divorsas
1749 435 1960 488 litteras

213 515 302 586 Q
325 516 562 569 Catulus
592 517 647 567 in
677 526 879 568 senatu
919 516 1191 577 recitavit,
1221 534 1363 586 quas
1401 516 1507 568 sibi
1548 517 1776 570 nomine
1806 517 1957 570 Cati-

138 610 158 654 5
210 600 359 651 linae
391 599 638 651 redditas
668 599 914 651 dicebat.
999 599 1212 650 Earum
1250 599 1578 668 exemplum
1606 599 1752 652 infra
1783 601 1956 670 scrip-

207 691 324 733 tum
355 690 471 734 est:

284 809 357 846 35.
396 800 427 822 ‘⁶
448 795 509 842 L.
535 793 760 843 Catilina
788 794 857 858 Q
887 794 1092 843 Catulo.
1143 795 1371 858 Egregia
1392 803 1478 843 tua
1505 796 1631 843 fides
1652 812 1705 844 re
1731 798 1956 860 cognita,

204 879 348 933 grata
396 871 523 917 mihi
575 872 778 932 magnis
827 872 879 917 in
929 872 1058 917 meis
1105 872 1368 933 periculis,
1408 871 1655 918 fiduciam
1695 888 1956 919 commen»

205 947 400 993 dationi
442 963 586 993 meae
627 946 820 993 tribuit.
895 945 1070 1009 Qiam
1108 946 1173 992 ob
1200 963 1304 992 reni
1336 947 1687 994 defensionem
1732 948 1783 993 in
1822 964 1954 995 novo

110 1034 113 1037 '
135 1038 183 1069 10
203 1022 419 1069 consilio
441 1039 542 1068 non
560 1023 710 1069 statui
733 1038 934 1085 parare,
957 1022 1361 1069 satisfactionem
1379 1039 1441 1068 ex
1464 1023 1603 1068 nulla
1630 1024 1948 1070 conscientia

203 1098 264 1144 de
292 1097 445 1160 culpa
483 1114 774 1160 proponere
814 1098 1036 1154 decrevi,
1065 1114 1241 1160 quam,
1267 1114 1348 1143 me
1387 1098 1501 1144 dius
1538 1097 1740 1156 Fidius,
1777 1115 1953 1145 veram

202 1173 322 1220 licet
360 1189 660 1236 cognoscas.
734 1174 942 1236 Injuriis
992 1173 1421 1236 contumeliisque
1472 1174 1773 1231 concitatus,
1813 1176 1952 1237 quod

202 1249 366 1295 fructu
394 1249 585 1295 laboris
613 1250 997 1312 industriaeque
1036 1265 1180 1296 meae
1209 1249 1440 1311 privatus
1469 1256 1656 1296 statum
1685 1249 1951 1311 diguitatis

202 1343 303 1372 non
331 1324 648 1383 obtinebam,
677 1326 943 1388 publicam
973 1326 1279 1372 miserorum
1303 1341 1538 1371 caussam
1570 1341 1662 1387 pro
1693 1342 1805 1372 mea
1833 1343 1950 1372 con-

133 1412 176 1452 15
201 1402 469 1448 suetudine
509 1402 731 1464 suscepi,
772 1418 873 1447 non
911 1401 1035 1464 quia
1079 1416 1165 1447 aes
1214 1400 1443 1447 alienum
1483 1401 1612 1447 meis
1652 1401 1950 1448 nominibus

200 1494 262 1524 ex
288 1477 700 1540 possessionibus
740 1478 934 1524 solvere
977 1493 1076 1523 non
1116 1492 1342 1539 possem,
1372 1493 1490 1522 cum
1530 1477 1727 1523 scilicet
1766 1477 1946 1525 alienis

201 1553 498 1600 nominibus
540 1553 824 1600 liberalitas
868 1551 1144 1600 Orestillae
1195 1554 1298 1598 suis
1346 1552 1587 1615 filiaeque
1630 1553 1795 1615 copiis
1839 1570 1951 1616 per-

200 1629 434 1687 solveret,
474 1630 561 1676 sed
600 1630 739 1692 quod
778 1645 880 1675 non
922 1629 1109 1690 dignos
1150 1628 1388 1674 homines
1424 1629 1617 1675 honore
1657 1629 1952 1676 honestatos

197 1705 457 1763 videbam,
487 1722 672 1769 meque
710 1705 837 1752 falsa
877 1705 1161 1768 suspitione
1198 1705 1479 1751 alienatum
1507 1721 1616 1751 esse
1645 1705 1948 1752 sentiebam.

123 1797 175 1826 20
200 1784 318 1829 Hoc
369 1783 579 1828 nomine
628 1782 750 1829 satis
799 1782 1040 1830 honestas
1088 1797 1183 1844 pro
1228 1797 1344 1826 meo
1396 1797 1517 1827 casu
1565 1797 1682 1843 spes
1722 1782 1950 1844 reliquae

199 1859 466 1920 dignitatis
503 1858 887 1905 conservandae
930 1873 1044 1904 sum
1084 1863 1303 1904 secutus.
1378 1857 1534 1903 Plura
1571 1873 1688 1903 cum
1729 1858 1950 1905 scribere

197 1935 403 1992 vellem,
433 1936 723 1982 nuntiatum
765 1942 840 1982 est
876 1934 984 1980 vim
1026 1934 1151 1979 mihi
1192 1934 1382 1996 parari.
1456 1933 1611 1980 Nunc
1646 1932 1946 1981 Orestillam

199 2012 509 2058 commendo
553 2018 774 2073 tuaeque
820 2010 940 2057 fidei
987 2010 1166 2056 trado:
1207 2025 1322 2055 eam
1368 2008 1431 2056 ab
1468 2010 1652 2073 injuria
1685 2010 1948 2069 defendas,

196 2104 289 2151 per
316 2087 504 2135 liberos
530 2095 645 2134 tuos
672 2094 898 2150 rogatus.
973 2085 1231 2132 Haveto.’'

117 2224 167 2266 25
271 2215 346 2253 36.
407 2199 524 2254 Sed
553 2200 695 2270 ipse,
729 2217 943 2270 paucos
973 2198 1092 2251 dies
1123 2208 1502 2251 commoratus
1534 2199 1683 2269 apud
1715 2198 1784 2252 C.
1821 2199 1952 2252 Fla-

197 2287 434 2338 minium
468 2285 852 2356 [Flammam]
882 2284 939 2335 in
971 2301 1110 2354 agro
1131 2281 1419 2343 Arretin0‚
1447 2284 1582 2335 dum
1606 2284 1948 2336 vicinitatem

200 2381 365 2425 antea
409 2370 766 2424 sollicitatam
807 2369 980 2420 armis
1018 2378 1274 2427 exornat,
1314 2385 1444 2419 cum
1490 2368 1738 2420 fascibus
1785 2378 1949 2439 atque

200 2456 323 2508 aliis
352 2454 552 2524 imperi
583 2454 903 2525 insignibus
932 2452 990 2504 in
1015 2461 1199 2503 castra
1230 2452 1300 2502 ad
1326 2451 1610 2503 Manlium
1641 2452 1945 2504 contendit.

202 2539 364 2592 Haec
418 2539 512 2591 ubi
563 2538 788 2590 Romae
835 2545 1125 2605 comperta
1171 2545 1319 2595 sunt,
1368 2546 1596 2588 senatus
1642 2535 1949 2588 Catilinam

115 2638 168 2680 30
198 2634 251 2676 et
292 2622 575 2675 Manlium
627 2622 801 2674 hostis
843 2620 1094 2692 judicat3
1154 2628 1374 2671 ceterae
1417 2618 1756 2671 multitudini
1800 2619 1948 2670 diem

198 2708 406 2768 statuit,
441 2717 568 2759 ante
611 2724 782 2777 quam
825 2705 947 2757 sine
989 2703 1189 2755 fraude
1219 2703 1411 2755 liceret
1442 2703 1512 2754 ab
1555 2702 1726 2754 armis
1769 2702 1951 2754 disce=

198 2791 352 2852 dere,
381 2800 603 2861 praeter
626 2808 813 2842 rerum
839 2787 1168 2857 capitalium
1192 2785 1584 2838 condemnatis
1608 2804 1619 2834 ε
1656 2794 1949 2854 praeterea

199 2874 449 2926 decernit
477 2874 554 2926 uti
585 2874 849 2926 consules
887 2872 1155 2924 dilectum
1197 2870 1463 2930 habeant,
1497 2867 1781 2920 Antonius
1820 2885 1948 2920 cum

200 2958 447 3009 exercitu
517 2957 825 3010 Catilinam
894 2953 1157 3024 persequi
1227 2962 1486 3014 maturet,
1554 2951 1759 3005 Cicero
1826 2951 1948 3002 urbi

113 3051 164 3094 35
200 3041 480 3108 praesidio
509 3041 595 3093 sit.

276 3129 359 3180 Ea
390 3139 721 3199 tempestate
753 3128 890 3180 mihi
920 3126 1218 3196 imperium
1252 3125 1446 3195 populi
1485 3122 1737 3177 Romani
1776 3123 1948 3173 multo

203 3232 468 3267 maxume
508 3215 830 3267 miserabile
872 3215 1053 3265 visum
1100 3221 1215 3262 est:
1261 3211 1349 3261 cui
1393 3229 1522 3262 cum
1567 3210 1637 3261 ad
1679 3225 1946 3260 occasum
