2155 3447
129 84 197 138 16
541 82 660 135 lee
697 82 1050 153 Conspz'racy
1093 83 1170 150 of
1204 80 1473 134 Catz‘lz'ne.
1698 79 1871 138 [SALL.

124 247 423 307 Picenum,
476 244 546 299 C.
592 244 808 315 Julium
863 245 920 296 in
970 244 1245 314 Apuliam
1300 243 1529 306 dimisit,
1581 253 1871 315 praeterea

125 331 297 383 alium
324 329 455 390 aliO,
483 347 652 399 quem
679 328 888 398 ubique
912 337 1288 397 opportunum
1316 327 1420 379 sibi
1443 327 1561 380 fore
1586 329 1869 381 credebat.

123 415 346 467 Interea
393 413 618 465 Romae
662 412 838 463 multa
887 411 1054 463 simul
1096 410 1313 463 moliri:
1366 409 1750 482 [consulibus]
1792 411 1874 462 in-

122 497 292 550 sidias
321 497 574 556 tendere,
611 511 814 563 parare
853 493 1138 554 incendia,
1173 502 1489 562 opportuna
1527 494 1652 546 loca
1691 512 1875 546 arma-

36 597 53 635 ς
120 580 187 632 tis
218 579 540 632 hominibus
581 577 878 636 obsidere3
923 577 1042 646 ipse
1073 594 1202 628 cum
1242 577 1352 629 telo
1391 594 1538 637 esse,
1570 577 1702 628 item
1734 577 1874 630 alios

116 663 334 733 jubere,
363 661 572 714 hortari
596 661 674 712 uti
707 678 932 728 semper
961 659 1156 711 intenti
1181 660 1475 729 paratique
1501 669 1721 720 essent3
1754 661 1873 713 dies

120 745 412 815 noctisque
461 745 750 805 festinare,
796 743 1060 814 vigilare,
1102 760 1285 813 neque
1342 742 1636 795 insomniis
1690 761 1873 813 neque

121 828 312 880 labore
369 828 613 899 fatigari.
701 827 997 879 Postremo
1053 826 1148 878 ubi
1205 827 1379 878 multa
1439 826 1676 897 agitanti
1731 827 1871 878 nihil

120 911 391 980 procedit,
440 929 632 963 rursus
675 911 1015 979 intempesta
1060 919 1224 961 nocte
1270 909 1673 982 conjurationis
1723 910 1874 979 prin-

39 1022 88 1051 ιο
121 995 274 1064 cipes
322 1005 596 1047 convocat
639 1013 816 1064 penes
869 992 954 1044 M.
1006 992 1271 1044 Porcium
1329 993 1606 1054 Laecam,
1657 993 1869 1063 ibique,

120 1079 293 1131 multa
341 1079 410 1130 de
464 1078 697 1149 ignavia
743 1096 938 1129 eorum
985 1087 1237 1146 questus,
1280 1077 1445 1129 docet
1486 1094 1545 1129 se
1587 1075 1868 1129 Manlium

118 1161 477 1231 praemisisse
521 1161 591 1212 ad
635 1178 762 1212 eam
805 1159 1220 1212 multitudinem
1266 1178 1435 1230 quam
1473 1160 1545 1212 ad
1587 1159 1867 1228 capiunda

120 1262 276 1296 arma
305 1253 624 1314 paraverat,
658 1244 790 1295 item
822 1244 962 1296 alios
994 1243 1049 1294 in
1082 1242 1193 1294 alia
1235 1244 1360 1296 loca
1404 1253 1742 1313 opportuna,
1776 1244 1867 1313 qui

117 1328 334 1379 initium
382 1328 515 1380 belli
563 1327 834 1387 facerent,
884 1344 1059 1398 seque
1116 1327 1186 1379 ad
1231 1328 1539 1379 exercitum
1590 1327 1871 1396 proficisci

39 1434 85 1477 15
118 1429 345 1480 cupere,
394 1411 438 1463 si
494 1411 647 1480 prius
703 1410 1043 1463 Ciceronem
1100 1411 1507 1479 oppressisset:
1571 1428 1701 1462 eum
1757 1410 1871 1463 suis

117 1495 364 1547 consiliis
416 1496 653 1546 multum
708 1495 975 1547 obficere.
1062 1509 1138 1546 28.
1189 1494 1389 1564 Igitur,
1444 1493 1749 1563 perterritis
1805 1512 1872 1547 ac

116 1578 499 1630 dubitantibus
555 1578 777 1639 ceteris,
842 1577 911 1630 C.
979 1576 1283 1630 Cornelius
1337 1596 1510 1647 eques
1571 1577 1871 1630 Romanus

114 1678 346 1730 operam
402 1678 563 1713 suam
618 1661 925 1730 pollicitus,
984 1670 1036 1713 et
1091 1679 1219 1713 cum
1262 1678 1328 1713 eo
1368 1660 1437 1711 L.
1481 1660 1871 1732 Vargunteius

115 1754 338 1797 senator
386 1745 725 1797 constituere
772 1763 839 1797 ea
885 1754 1048 1797 nocte
1096 1745 1265 1814 paulo
1302 1755 1426 1813 post
1468 1762 1597 1796 cum
1643 1745 1871 1798 armatis

33 1850 88 1881 20
116 1828 437 1880 bominibus
473 1828 634 1880 sicuti
677 1829 981 1881 salutatum
1023 1828 1251 1880 introire
1296 1828 1367 1880 ad
1410 1827 1772 1890 Ciceronem,
1805 1847 1873 1882 ac

115 1913 182 1964 de
212 1912 520 1981 improviso
544 1912 735 1964 domui
760 1930 896 1965 suae
920 1912 1264 1981 imparatum
1289 1912 1614 1964 confodere.
1663 1911 1871 1966 Curius

114 1996 209 2048 ubi
276 1996 555 2067 intellegit
609 2006 882 2067 quantum
941 1995 1177 2065 periculi
1233 1996 1452 2048 consuli
1521 1996 1866 2067 impendeat,

115 2097 352 2149 propere
401 2098 502 2150 per
547 2079 811 2131 Fulviam
864 2078 1131 2132 Ciceroni
1182 2080 1374 2132 dolum
1425 2081 1519 2151 qui
1565 2083 1871 2151 parabatur

115 2163 386 2214 enuntiat.
497 2162 581 2215 Ita
637 2163 736 2224 illi,
789 2163 969 2235 janua
1026 2163 1314 2234 prohibiti,
1375 2173 1593 2218 tanturn
1648 2166 1868 2220 facinus

30 2263 83 2309 25
114 2246 317 2299 frustra
348 2256 736 2316 susceperant.

190 2334 415 2387 Interea
447 2335 700 2388 Manlius
731 2336 787 2388 in
828 2336 1055 2389 Etruria
1087 2338 1313 2407 plebem
1345 2339 1668 2403 sollicitare,
1702 2359 1864 2413 eges·

113 2430 224 2473 tate
254 2421 421 2473 simul
453 2439 520 2474 ac
549 2423 742 2474 dolore
772 2422 1013 2494 injuriae
1044 2442 1322 2476 novarum
1353 2443 1539 2477 rerum
1578 2426 1867 2496 cupidam,

115 2505 266 2575 quod
296 2503 492 2557 Sullae
523 2506 909 2559 dominatione
950 2525 1120 2578 agros
1150 2509 1412 2579 bonaque
1443 2510 1635 2562 omnia
1665 2511 1867 2563 amise-

116 2597 232 2648 rat3
288 2598 584 2657 praeterea
626 2590 873 2642 latrones
917 2592 1192 2663 cujusque
1235 2593 1485 2663 generis,
1531 2612 1770 2664 quorum
1813 2595 1866 2645 in

33 2693 85 2733 30
117 2689 181 2722 ea
224 2672 459 2743 regione
502 2691 717 2744 magna
762 2674 926 2743 copia
969 2685 1108 2736 erat,
1154 2676 1457 2728 nonnullos
1501 2694 1572 2728 ex
1615 2675 1868 2730 Sullanis

118 2756 371 2817 coloniiS,
398 2756 604 2826 quibus
634 2758 827 2810 lubido
859 2768 1024 2830 atque
1055 2759 1281 2811 luxuria
1304 2777 1377 2811 ex
1402 2759 1626 2831 magnis
1656 2761 1867 2830 rapinis

117 2838 253 2890 nihil
284 2840 483 2911 reliqui
514 2841 744 2894 fecerat.

188 2943 265 2981 29.
308 2929 393 2981 Ea
452 2949 582 2983 cum
639 2930 905 2984 Ciceroni
962 2933 1372 2993 nuntiarentur,
1433 2932 1662 3002 ancipiti
1719 2933 1868 2984 malo

115 3024 423 3082 permotuS‚
457 3015 609 3085 quod
651 3034 836 3086 neque
878 3017 1077 3067 urbem
1121 3017 1191 3067 ab
1229 3016 1446 3068 insidiis
1489 3016 1705 3085 privato
1736 3034 1867 3068 con-

37 3105 88 3147 35
116 3098 237 3150 silio
294 3099 521 3169 longius
588 3099 729 3150 tueri
786 3108 1022 3167 poterat,
1082 3117 1266 3168 neque
1335 3099 1615 3150 exercitus
1682 3099 1865 3150 Manli

115 3192 357 3252 quantus
390 3192 484 3233 aut
511 3201 622 3252 quo
666 3182 900 3234 consilio
945 3182 1084 3235 foret
1125 3182 1258 3234 satis
1303 3192 1650 3250 compertum
1696 3183 1856 3233 habe-
