2155 3447
244 90 312 133 26
651 79 769 133 The
813 79 1167 151 Conspz'racy
1210 80 1285 148 os
1320 78 1588 130 Catilina.
1819 91 1990 148 [ΞΛΜΛ

242 254 380 307 erat,
413 254 697 315 postremo
727 243 957 297 timidus
988 263 1055 296 ac
1085 244 1231 296 vitae
1262 242 1523 295 diffidens
1552 243 1706 294 velut
1738 242 1990 294 hostibus

243 347 366 381 sese
395 328 747 399 praetoribus
777 326 948 379 dedit.

316 427 391 464 46.
460 410 683 478 Quibus
713 411 882 462 rebus
913 410 1207 471 confectis,
1228 409 1418 462 omnia
1449 425 1687 478 propere
1719 425 1818 476 per
1849 425 1991 458 nun-

242 497 345 549 tios
376 495 593 548 consuli
625 494 1003 547 declarantur.
1086 492 1164 545 At
1203 493 1362 544 illum
1405 492 1609 563 ingens
1654 508 1788 541 cura
1822 499 1988 560 atque

156 591 173 635 5
241 581 451 632 laetitia
481 579 648 631 simul
679 597 1069 648 occupavere:
1113 597 1245 630 nam
1289 579 1603 630 laetabatur
1648 576 1986 647 intellegens

240 664 626 736 conjuratione
651 664 932 733 patefacta
957 663 1235 716 civitatem
1263 662 1528 732 periculis
1562 670 1812 730 ereptam
1838 678 1984 722 esse,

241 769 407 820 porro
437 760 625 802 autem
657 749 861 801 anxius
892 758 1031 810 erat,
1064 749 1328 801 dubitans
1361 748 1419 799 in
1449 765 1720 799 maxumo
1750 747 1984 808 scelere,

238 835 405 888 tantis
437 835 653 887 civibus
684 833 1076 903 deprehensis,
1109 833 1244 903 quid
1274 833 1420 884 facto
1450 850 1592 901 opus
1631 841 1810 892 esset;
1856 849 1989 901 poe-

239 937 371 970 nam
420 919 643 971 illorum
698 918 802 970 sibi
845 917 1024 978 oneri,
1076 917 1469 985 impunitatem
1524 916 1854 985 perdundae
1909 914 1988 967 rei

162 1018 209 1047 12>
239 1002 500 1071 publicae
543 1003 660 1053 fore
705 1001 991 1052 credebat.
1078 1000 1260 1071 Igitur
1290 1000 1620 1051 confirmato
1651 998 1861 1058 animo,
1895 1016 1990 1051 vo-

239 1086 353 1138 cari
409 1086 482 1138 ad
530 1104 654 1138 sese
702 1084 861 1156 jubet
908 1083 1240 1144 Lentulum,
1286 1082 1631 1153 Cethegum,
1680 1081 1986 1145 Statilium,

239 1170 572 1230 Gabinium,
620 1169 867 1239 itemque
918 1167 1264 1238 [quendam]
1322 1165 1669 1234 Caeparium
1725 1165 1991 1218 Tarraci-

239 1272 495 1315 nensem,
540 1253 634 1324 qui
676 1253 734 1304 in
775 1251 1049 1322 Apuliam
1097 1252 1167 1303 ad
1211 1250 1552 1302 concitanda
1594 1249 1821 1302 servitia
1860 1267 1989 1319 pro-

238 1338 411 1390 ficisci
457 1338 712 1407 parabat.

161 1445 207 1489 15
315 1424 503 1478 Ceteri
552 1424 672 1477 sine
722 1441 880 1475 mora
926 1422 1194 1482 veniunt3
1248 1421 1588 1491 CaepariUS,
1642 1421 1811 1490 paulo
1861 1430 1990 1476 ante

239 1510 407 1563 domo
452 1527 739 1580 egressus,
791 1507 1019 1578 cognito
1068 1506 1277 1558 indicio
1326 1524 1399 1558 ex
1452 1506 1591 1557 urbe
1636 1506 1985 1577 profugerat.

239 1593 455 1646 Consul
486 1592 794 1644 Lentulum
825 1591 977 1660 quod
1006 1600 1231 1659 praetor
1270 1599 1389 1642 erat
1428 1589 1548 1659 ipse
1579 1607 1751 1641 manu
1792 1600 1990 1643 tenens

238 1677 515 1746 perducit,
542 1675 789 1745 reliquos
814 1692 943 1725 cum
969 1674 1294 1726 custodibus
1324 1674 1381 1725 in
1412 1674 1610 1726 aedem
1632 1673 1989 1727 Concordiae

237 1760 430 1812 venire
479 1759 657 1829 jubet.
769 1758 854 1810 Eo
898 1766 1160 1809 senatum
1204 1758 1465 1819 advocat,
1512 1775 1838 1828 magnaque
1880 1758 1989 1811 fre·

156 1860 211 1891 20
238 1843 467 1914 quentia
497 1844 616 1914 ejus
646 1842 858 1894 ordinis
881 1841 1241 1893 Volturcium
1272 1860 1401 1893 cum
1432 1841 1634 1912 legatis
1664 1841 1986 1906 introducit,

237 1927 512 1979 Flaccum
569 1936 887 1996 praetorem
957 1926 1248 1986 scrinium,
1309 1944 1439 1977 cum
1503 1924 1698 1976 litteris
1757 1944 1900 1995 quas
1955 1945 1988 1979 a

238 2011 441 2082 legatis
485 2019 803 2079 acceperat,
852 2010 1053 2060 eodem
1097 2009 1318 2060 adferre
1365 2009 1544 2080 jubet.
1628 2023 1702 2060 47.
1759 2008 1990 2061 Voltur-

239 2095 359 2147 cius
399 2095 778 2165 interrogatus
810 2094 877 2144 de
920 2093 1138 2154 itinere,
1174 2093 1242 2144 de
1284 2092 1501 2153 litteris,
1535 2103 1820 2162 postremo
1854 2093 1989 2163 quid

240 2188 333 2230 aut
360 2197 473 2248 qua
503 2179 571 2229 de
602 2195 777 2228 causa
808 2177 1006 2228 consili
1049 2176 1358 2236 habuisset,
1393 2176 1577 2245 primo
1606 2178 1824 2248 fingere
1854 2177 1985 2238 alia,

156 2281 206 2324 25
240 2262 597 2314 dissimulare
644 2262 712 2312 de
770 2260 1194 2331 conjuratione3
1251 2268 1396 2329 post,
1449 2260 1545 2311 ubi
1601 2261 1711 2312 fide
1760 2261 1989 2330 publica

239 2346 425 2398 dicere
461 2345 654 2416 jussus
695 2353 798 2404 est,
832 2343 1024 2395 omnia
1064 2343 1144 2393 uti
1187 2351 1349 2413 gesta
1379 2352 1538 2395 erant
1567 2345 1768 2412 aperit,
1801 2345 1989 2397 docet-

239 2446 347 2499 que
403 2446 481 2492 se‚
516 2428 714 2497 paucis
772 2436 899 2478 ante
956 2427 1155 2479 diebus
1212 2444 1243 2477 a
1297 2426 1544 2478 Gabinio
1600 2437 1653 2478 et
1707 2427 1989 2497 Caepario

240 2511 456 2564 socium
511 2511 809 2575 adscitum,
843 2510 983 2561 nihil
1031 2510 1273 2579 amplius
1318 2510 1462 2562 scire
1507 2528 1677 2581 quam
1733 2512 1987 2582 legatos;

238 2604 455 2648 tantum
485 2595 654 2647 modo
679 2595 873 2646 audire
905 2594 1129 2645 solitum
1160 2612 1231 2644 ex
1255 2593 1501 2646 Gabinio
1527 2594 1589 2645 P.
1622 2594 1980 2660 Autronium,

149 2694 205 2736 30
241 2677 502 2730 Servium
549 2668 793 2738 Sullam,
840 2677 910 2729 L.
959 2677 1400 2748 Vargunteium,
1448 2680 1653 2732 multos
1695 2690 1988 2749 praeterea

239 2761 296 2813 in
339 2780 406 2813 ea
449 2762 836 2833 conjuratione
886 2779 1030 2813 esse.
1141 2761 1360 2813 Eadem
1404 2762 1557 2816 Galli
1613 2765 1876 2828 fatentur,
1921 2783 1989 2819 ac

240 2844 547 2897 Lentulum
604 2845 1054 2897 dissimulantem
1114 2858 1432 2918 coarguunt
1499 2859 1721 2919 praeter
1775 2851 1986 2904 litteras

241 2931 616 2991 sermonibuS‚
664 2949 805 3000 quos
861 2932 952 2982 ille
1003 2931 1213 2983 habere
1270 2934 1462 2985 solitus
1509 2945 1660 2987 erat:
1718 2954 1788 2988 ex
1832 2936 1988 2988 libris

240 3013 537 3084 Sibyllinis
582 3033 825 3086 regnum
869 3015 1093 3068 Romae
1140 3017 1317 3069 tribus
1365 3018 1648 3071 Corneliis
1693 3019 1985 3088 portendi;

150 3106 201 3150 35
240 3096 486 3150 Cinnam
519 3109 683 3170 atque
709 3100 929 3152 Sullam
962 3110 1149 3161 antea,
1177 3119 1235 3152 se
1265 3104 1485 3153 tertium
1518 3121 1663 3164 esse,
1691 3102 1780 3153 cui
1809 3102 1984 3153 fatum

240 3181 380 3235 foret
407 3184 560 3236 urbis
591 3185 790 3254 potiri3
821 3193 1114 3257 praeterea
1147 3184 1216 3236 ab
1247 3184 1480 3238 incenso
1512 3184 1795 3256 Capitolio
1825 3185 1982 3236 illum
